3406 5442
766 467 921 528 25'

146 667 263 713 versus
282 667 346 712 non
366 652 450 712 tales
470 669 489 712 a
510 652 671 714 codicibus
690 653 827 714 traditos
847 669 920 714 esse
941 653 1055 727 quales
1075 653 1202 727 aposta
1217 648 1329 724 scripti
1341 649 1417 709 sint.

192 766 254 826 Hic
284 766 398 826 eadem
430 766 540 830 valent
571 781 654 841 quae
684 768 867 829 rectissime
895 767 997 828 Lebrs
1012 761 1032 838 ¹)
1064 767 1102 828 do
1128 765 1275 826 versibus
1299 762 1418 838 spuriis

144 879 342 956 observavit,
379 880 512 956 „eadem
544 881 607 956 via,
638 896 703 954 qua
733 883 863 942 centum
888 881 971 942 falsa
995 881 1091 942 verba
1115 880 1323 954 irrepserunt,
1348 891 1417 936 sex·

144 993 242 1054 centa
264 993 404 1068 irrepere
425 994 631 1068 potuerunt&
981 1057 990 1070 ,

190 1107 318 1167 Novum
346 1107 420 1167 inde
444 1108 624 1168 subsidium
650 1109 713 1168 arti
736 1109 867 1169 criticae
890 1109 1040 1184 affertur;
1066 1123 1130 1168 uno
1154 1109 1228 1168 utar
1251 1105 1416 1181 exemplo:

143 1243 163 1280 τ
198 1222 262 1281 130
293 1221 326 1280 in
355 1221 444 1282 codd.
476 1221 595 1295 legitur
625 1220 686 1298 ἅμα
707 1221 824 1299 πάντες,
847 1220 908 1299 ἅμα
931 1225 1042 1283 autem
1067 1223 1254 1297 corruptum
1281 1236 1354 1280 esse
1378 1235 1419 1282 ex

144 1333 203 1393 dia
227 1337 275 1404 (ut
297 1335 359 1394 fuit
382 1335 415 1394 in
439 1335 515 1396 edit.
539 1336 666 1406 Rhiani)
689 1337 775 1396 inter
797 1351 911 1398 omnes
935 1337 1072 1397 constat.
1097 1337 1157 1396 Pro
1180 1334 1287 1406 πάντες
1307 1337 1419 1396 autern

144 1451 382 1525 proposuerunt
404 1449 490 1533 πηδῷ
519 1467 548 1510 v.
574 1451 820 1511 Leeuwen-da
844 1450 949 1526 costa,
973 1466 1037 1510 non
1060 1465 1179 1524 quaero
1201 1451 1312 1510 utrum
1333 1451 1420 1510 recte

143 1579 265 1638 necne;
298 1563 344 1623 nil
375 1563 462 1624 enim
494 1564 534 1624 ad
565 1580 645 1625 rem.
682 1565 743 1626 Sed
778 1581 820 1626 ex
858 1565 1018 1639 exemplis
1056 1579 1153 1638 supra
1188 1563 1296 1624 allatis
1330 1565 1420 1638 patet

145 1677 302 1738 facillime
336 1679 409 1752 post
445 1675 506 1754 ἅμα
541 1693 609 1738 voc.
645 1677 731 1760 ττηδῷ
766 1678 800 1738 in
834 1677 941 1750 πάντες
980 1678 1101 1738 mutari
1131 1677 1286 1752 potuisse.
1318 1676 1420 1736 Multa

145 1793 234 1852 enirn
259 1792 292 1852 in
316 1791 458 1852 Homero
481 1795 532 1853 est
554 1793 673 1853 locutio
696 1791 757 1870 ἅμα
780 1791 896 1864 πάντες.

192 2021 328 2080 Librarii
361 2035 424 2081 non
460 2036 589 2096 semper
622 2022 854 2083 intellexerunt
887 2022 963 2096 quid
996 2021 1130 2082 verbum
1165 2021 1419 2095 superscriptum

145 2134 257 2194 autin
277 2134 423 2208 margine
443 2135 627 2210 appositum
648 2137 801 2212 voluerit;
823 2138 874 2197 est
894 2137 982 2196 enim
1002 2137 1060 2196 aut
1078 2135 1197 2211 glossa,
1211 2137 1269 2195 aut
1284 2135 1419 2195 verbum

145 2264 168 2308 a
191 2262 291 2308 manu
314 2249 418 2322 priore
442 2249 602 2308 omissum
629 2251 713 2322 quod
736 2251 921 2311 intextum
945 2250 1165 2325 recipiendum
1190 2250 1250 2324 est,
1276 2249 1333 2309 aut
1356 2263 1419 2310 cor·

145 2361 248 2422 rectio
279 2377 362 2435 quae
393 2362 574 2438 recipienda
600 2365 660 2440 est,
685 2363 790 2425 deleto
814 2365 910 2425 verbo
935 2364 986 2424 cui
1010 2363 1228 2438 superscripta
1252 2364 1313 2423 est.
1339 2361 1421 2422 Cum

145 2477 261 2536 autem
291 2474 419 2549 glossas
449 2491 505 2550 pro
537 2477 797 2554 correctionibus,
829 2479 862 2538 et
892 2477 1019 2552 glossas
1049 2477 1102 2538 vel
1126 2476 1340 2538 correctiones
1363 2491 1420 2550 pro

146 2590 256 2650 verbis
287 2588 419 2649 omissis
449 2589 630 2666 habuerint,
660 2591 846 2653 invenimus
868 2591 902 2651 in
928 2592 1023 2651 textu
1046 2590 1165 2652 tradito
1188 2589 1315 2663 glossas
1338 2605 1420 2663 quae

145 2704 262 2778 poetae
294 2703 393 2763 verba
424 2702 634 2778 expulerunt;
661 2703 788 2777 glossas
810 2705 905 2764 iuxta
928 2703 1064 2765 verbum
1088 2704 1171 2777 quod
1195 2703 1418 2778 illustrabant;

145 2816 480 2889 correctionesiuxta
503 2817 639 2878 verbum
662 2819 746 2891 quod
770 2818 885 2892 corrigi
908 2818 1054 2879 debebat.

192 2930 233 2990 Et
255 2931 352 2990 buius
376 2931 493 2991 erroris
516 2931 621 2991 multa
645 2933 795 3007 exempla
818 2933 933 2993 afferre
952 2947 1104 3007 possum;
1125 2946 1228 3006 pauca
1247 2947 1330 3004 quae
1348 2933 1421 2993 dedi

145 3045 231 3105 satis
252 3051 365 3106 tamen
389 3045 614 3106 demonstrant
637 3047 760 3107 scribas
784 3047 871 3121 operi
895 3047 1037 3121 impares
1060 3046 1170 3106 fuisse.

193 3159 325 3220 Glossas
349 3173 431 3232 quae
454 3161 568 3233 poetae
592 3161 690 3220 verba
713 3161 906 3236 expulerunt
928 3161 1075 3222 invenies
1099 3177 1126 3222 e.
1151 3177 1181 3236 g.

193 3297 212 3331 α
236 3275 300 3334 338
324 3277 410 3332 θεῖον
430 3272 482 3334 GF
501 3273 554 3350 al.‚
576 3272 642 3334 δῖον
665 3275 690 3334 Ρ
710 3275 751 3335 al.
772 3275 954 3348 Utrumque
974 3275 1196 3352 Homericum,
1213 3279 1297 3347 θεῖος
1309 3275 1420 3335 autem

145 3387 249 3448 etiarn
273 3388 387 3462 postea
411 3387 444 3446 in
464 3403 526 3447 usu
546 3389 607 3465 eet,
628 3391 820 3464 quapropter
838 3389 880 3448 iis
899 3389 978 3450 locis
997 3389 1052 3449 ubi
1073 3391 1247 3463 utrumque
1267 3389 1422 3464 praebent
1502 3380 1506 3386 ’

145 3501 249 3577 codd,
274 3499 337 3571 δῖος
362 3517 477 3562 verum
502 3501 645 3577 videtum
671 3502 710 3562 cf.
736 3502 834 3562 etiam
860 3503 973 3578 3117,
998 3525 1016 3560 ν
1040 3505 1092 3578 56,
1116 3522 1139 3560 ττ
1163 3504 1182 3562 2
1207 3502 1247 3564 al.

192 3637 210 3693 γ
237 3615 278 3674 27
312 3612 427 3692 δαίμων
458 3617 531 3692 cet,
561 3613 633 3686 θεὸς
661 3617 766 3676 metro
789 3616 892 3676 invito
916 3615 952 3677 G.
977 3616 1016 3692 ci.
1045 3617 1061 3688 ζ
1083 3617 1147 3677 309
1171 3611 1324 3688 ἀθάνατος
1347 3618 1420 3692 cet,

144 3725 219 3799 θεὸς
244 3727 280 3788 G.

192 3863 205 3900 ε
237 3841 301 3902 382
333 3841 427 3921 κούρη
456 3843 482 3903 d
515 3842 567 3919 al.‚
595 3843 731 3923 θυγάτηρ
754 3845 805 3904 FP
829 3845 869 3906 al.
894 3846 1077 3918 Utrumque
1101 3860 1157 3919 per
1180 3845 1321 3904 metrum
1346 3844 1421 3905 reci·

144 3970 222 4031 pere
249 3955 335 4032 licet,
364 3957 420 4016 sed
448 3957 524 4030 quia
550 3957 645 4037 κούρη
672 3961 706 4019 et
735 3958 841 4034 „filia”
870 3962 902 4020 et
929 3959 1075 4036 „puella”
1100 3957 1280 4033 significare
1304 3961 1421 4035 potest,

145 4071 209 4129 hoc
232 4068 302 4130 loco
325 4071 437 4131 autem
465 4070 570 4146 „filia”
596 4074 658 4149 est,
681 4072 819 4152 θυγάτηρ
841 4089 898 4148 pro
921 4073 1119 4146 glossemate
1143 4073 1375 4148 accipiendum.

192 4187 217 4240 θ
241 4183 305 4243 288
329 4183 487 4262 τυθερείης
508 4187 580 4261 cet,
601 4182 765 4266 ἀφροδίτης
785 4188 822 4264 (t,
846 4202 921 4248 cum
948 4184 1001 4266 ηρ.
1025 4187 1086 4248 Pi.
1101 4202 1156 4263 m.‚
1180 4189 1285 4248 metro
1308 4187 1420 4263 invito,

145 4297 232 4371 quod
255 4290 295 4356 P²
318 4297 476 4372 corrigere
500 4301 636 4360 conatus
659 4302 711 4360 est
733 4301 855 4362 inserto
878 4294 910 4360 τ’.
935 4302 994 4360 list
1013 4317 1030 4360 σ
1053 4303 1115 4361 193
1136 4301 1236 4366 etiam
1257 4300 1421 4375 glossema

146 4408 305 4489 ἀφροδίτη,
327 4411 360 4470 in
383 4413 478 4472 textu
502 4413 546 4472 ibi
569 4428 634 4474 non
657 4414 829 4476 invenitur.

194 4527 257 4587 524
281 4523 416 4606 πρόσθεν
439 4527 465 4585 Ρ
488 4526 541 4604 al,
566 4526 752 4608 τρτττρτηε
776 4527 828 4589 or
851 4528 892 4588 ar.
917 4528 1008 4588 aust.

184 4769 203 4834 ¹)
219 4773 301 4820 Lehre
319 4772 351 4820 de
369 4771 446 4820 Arist.
464 4772 531 4820 stud.
548 4768 626 4820 nomi
643 4785 668 4833 p.
687 4773 744 4820 348.
