3406 5442
790 459 830 517 27

170 658 416 717 nonnumquam
450 645 536 705 inter
570 660 605 705 se
637 645 823 705 simillimos
854 659 926 705 esse
955 644 1022 704 iam
1051 643 1131 704 vidit
1162 642 1336 711 Ludwlchl.
1369 642 1443 702 Fuit

169 811 271 884 igitur
300 812 334 872 in
365 813 482 873 horum
514 814 688 889 archetypo
712 811 763 873 καὶ
786 744 891 892 μοῖρλῖιῗὶ
910 813 1003 873 Alter
1026 809 1085 872 ἐστὶ
1107 827 1164 887 pro
1187 813 1284 873 verbo
1308 811 1441 887 omiss0,

170 925 255 986 alter
284 941 341 1000 pro
369 928 565 988 correctione
588 929 722 1003 accepit.
747 923 824 987 ἐστίν
848 927 1013 1001 (glossam)
1038 927 1109 987 add.
1134 927 1235 987 etiam
1260 925 1278 985 δ
1303 927 1366 988 607
1392 917 1441 985 1³².

216 1062 234 1098 ν
258 1041 322 1100 349
346 1037 434 1113 σπέος
457 1040 530 1121 εὐρὺ
554 1042 616 1119 GP,
640 1038 728 1114 σπέος
751 1039 810 1102 ἐστὶ
833 1042 858 1101 Ρ
881 1042 922 1102 al.

217 1154 283 1214 400
305 1159 377 1226 κείν)
402 1158 475 1232 cet„
498 1152 550 1215 κέν
575 1173 607 1216 σε
630 1157 663 1218 F.

216 1268 231 1340 ξ
256 1269 321 1329 504
343 1291 385 1340 τις
410 1269 462 1330 GF
484 1270 537 1345 aL,
560 1271 659 1344 gloss,
683 1292 733 1347 μοι
757 1287 800 1332 SS.
826 1264 875 1347 F²‚
899 1269 941 1342 τίς
965 1292 1015 1348 μοι
1039 1271 1063 1330 Ρ
1086 1270 1127 1331 al.

216 1403 233 1460 ρ
258 1383 301 1442 80
323 1381 488 1455 κτείναντες
511 1383 563 1444 GP
586 1385 639 1460 al„
663 1383 901 1455 κατακτείναντες
925 1384 959 1446 F.

217 1497 383 1557 Eiusmodi
414 1497 522 1558 verbis
552 1499 763 1575 simplicibus,
794 1514 877 1572 quae
908 1501 1021 1573 postea
1052 1498 1231 1573 composita
1253 1499 1383 1558 tantum
1409 1497 1442 1556 iu

171 1625 234 1670 usu
258 1613 360 1686 erant,
385 1609 411 1671 0
434 1611 500 1671 fere
520 1627 648 1686 semper
667 1613 938 1687 praepositionem
958 1612 1194 1686 superscripsit.
1214 1610 1312 1671 Vides
1331 1613 1443 1670 autem

170 1739 271 1798 quam
302 1725 396 1785 facile
425 1726 499 1786 inde
530 1740 618 1786 error
648 1727 739 1788 nasci
769 1727 882 1801 possit.
915 1725 967 1786 Sic
995 1741 1053 1800 pro
1083 1722 1240 1796 ἀνστάντες
1270 1726 1331 1786 etc.
1359 1725 1444 1798 quod

170 1841 317 1900 metrum
346 1841 460 1916 poscit,
495 1855 591 1915 saepe
625 1841 698 1901 hab.
733 1841 822 1902 codd.
854 1837 1032 1912 ἀναστάντες
1063 1841 1124 1901 etc.
1156 1844 1194 1911 (e.
1227 1854 1257 1913 g.
1297 1837 1314 1896 d
1356 1838 1443 1913 674),

171 1968 278 2026 neque
308 1968 381 2014 rara
412 1956 463 2014 est
494 1954 653 2014 recentior
681 1954 787 2015 'forma
817 1953 987 2031 φθινύθειν
1016 1969 1072 2029 pro
1103 1952 1227 2029 φθίνειν
1258 1954 1305 2024 (ut
1333 1973 1355 2011 π
1379 1954 1442 2022 39).

171 2068 245 2129 Huc
275 2083 400 2142 quoque
430 2069 593 2144 pertinent
621 2071 750 2130 crebrae
781 2069 856 2130 illae
886 2069 1013 2143 glossae
1044 2084 1127 2142 quae
1161 2084 1217 2144 pro
1248 2067 1444 2128 correctione

171 2183 226 2243 vel
258 2183 348 2242 varia
382 2182 519 2244 lectione
549 2183 689 2259 habitae,
722 2199 797 2244 cum
829 2181 882 2263 φρ.
917 2185 937 2244 i.
962 2199 1006 2244 m.
1039 2183 1204 2258 appositae
1239 2183 1326 2258 sunt,
1357 2183 1395 2240 ut
1424 2181 1444 2259 β

171 2298 238 2357 334
269 2291 416 2372 ὀφέλλειεν
448 2297 548 2371 codd„
579 2294 632 2376 yp'.
663 2295 840 2374 ἐπαυξήσειν
872 2298 903 2368 (Ι.
934 2300 1036 2367 -σειενλ
1068 2290 1117 2357 P².
1150 2293 1305 2372 αὐξήσειεν
1335 2293 1445 2369 glossa

170 2412 225 2472 est
247 2412 281 2470 in
304 2411 340 2472 d.

219 2524 406 2585 Cavendum
436 2527 487 2586 est
518 2525 694 2586 editoribus
723 2541 763 2586 ne
790 2526 824 2586 in
851 2525 989 2586 eundem
1021 2540 1118 2598 quem
1149 2523 1270 2584 librarii
1301 2522 1444 2582 incidant

171 2653 315 2699 errorem
346 2640 380 2698 et
402 2654 458 2714 pro
482 2639 585 2700 altera
607 2639 744 2700 lectione
770 2640 820 2700 vel
844 2639 1040 2700 correctione
1063 2639 1205 2700 habeant
1228 2652 1310 2711 quae
1333 2650 1444 2696 merae

172 2752 301 2826 glossae
332 2753 408 2814 sint.
441 2753 492 2815 Sic
523 2755 543 2833 β
576 2756 636 2814 111
669 2751 882 2832 ὑποκρίνονται
912 2769 976 2814 non
1007 2755 1041 2814 in
1068 2751 1280 2832 ἀποκρίνονται
1303 2750 1444 2811 correxit

172 2859 225 2943 (³1²,
255 2867 312 2927 sed
334 2867 480 2940 glossam
503 2865 562 2927 ἀπο
585 2869 812 2945 superscripsit
827 2863 858 2939 ¹).
881 2869 966 2929 Nam
989 2868 1201 2930 Homericum
1225 2862 1445 2944 inexplorata

172 2983 225 3043 est
247 2977 368 3053 ἀττικῶς
391 2977 615 3060 ἀποκρίνεσθαι.
911 3044 927 3072 a
1083 3043 1099 3071 a

216 3118 235 3175 γ
255 3096 308 3172 60,
329 3096 371 3156 82
392 3098 453 3158 cet.
478 3097 580 3172 Super
599 3119 618 3174 η
642 3097 793 3158 scribitur
816 3121 845 3175 α,
863 3095 1021 3176 πρήξαντε,
1039 3094 1155 3175 πρῆξις,
1174 3094 1258 3168 quod
1283 3092 1444 3168 significat

1334 3199 1347 3240 η
1376 3198 1389 3226 0

171 3252 278 3330 πρῆξις
301 3252 512 3313 Homericum
535 3255 648 3328 postea
670 3254 775 3331 πρᾶξις
798 3254 956 3328 scriptum
985 3268 1068 3314 esse.
1089 3252 1129 3313 cf.
1150 3272 1163 3310 ε
1183 3252 1225 3311 25
1246 3247 1444 3327 ἐπισταμένως

172 3365 209 3426 G.
233 3387 263 3442 η.
288 3387 314 3426 ο.
339 3381 382 3427 ss.
407 3358 457 3426 (3².
483 3369 543 3427 etc.

217 3479 301 3540 Nam
335 3495 392 3540 eas
426 3482 556 3541 tantum
586 3480 714 3542 litteras
742 3481 860 3554 quibus
890 3481 1049 3541 recentior
1079 3480 1184 3541 forme
1217 3494 1237 3538 a
1271 3478 1444 3539 Homerica

171 3636 281 3697 differt
311 3637 563 3713 superscribunt,
589 3637 652 3698 vid.
677 3639 741 3698 tab.
767 3639 782 3698 Ι
806 3661 829 3714 φ
853 3639 917 3698 402
942 3585 1073 3714 dolero?
1093 3638 1203 3710 Neque
1227 3632 1318 3712 ὀσφύι
1342 3657 1355 3695 ε
1380 3637 1441 3696 231

171 3751 327 3811 correctio
359 3751 419 3826 est,
447 3751 531 3824 quod
553 3766 609 3826 pro
633 3752 657 3810 F
681 3753 741 3812 hoc
764 3754 957 3826 argumento
980 3753 1196 3812 demonstrari
1218 3752 1335 3826 potest,
1360 3749 1444 3822 quod

171 3865 279 3925 rubris
301 3864 421 3924 litteris
448 3865 606 3939 scriptum
634 3867 700 3944 est3
731 3866 764 3925 in
783 3867 852 3926 toto
871 3867 932 3926 hoc
951 3866 1031 3926 libro
1051 3867 1163 3926 autem
1183 3880 1297 3925 omnes
1316 3863 1444 3938 glossae

171 3978 288 4039 rubrae
311 3980 399 4055 sunt,
423 3994 464 4039 ne
488 3994 553 4039 una
576 3979 707 4053 quidem
731 3981 885 4041 correctio
908 3980 1006 4040 rubra
1028 3979 1201 4040 invenitur.

217 4139 241 4193 0
263 4137 325 4196 146
345 4136 379 4195 in
395 4136 420 4195 P
436 4137 487 4197 est
509 4083 605 4213 ἴδριες,
631 4159 681 4212 ,αι
704 4153 749 4198 ss.
773 4129 823 4212 P²,
845 4136 948 4196 voluit
967 4135 1117 4212 ἴδμεναι”,
1136 4134 1309 4212 mavoluit
1327 4131 1445 4210 ἴδμεναι

172 4248 231 4308 sed
248 4247 392 4321 glossam
416 4247 542 4326 ἴδμεναι.
567 4249 619 4309 Sic
642 4243 681 4309 F²
704 4253 720 4308 λ
744 4251 808 4310 313
832 4245 993 4326 ἀπειλήτην
1016 4265 1080 4310 non
1103 4249 1137 4308 in
1160 4245 1360 4325 ἀπειλησάτην
1380 4262 1444 4308 cor-

172 4362 298 4422 rectum
323 4363 441 4438 voluit;
466 4363 678 4423 recentiorem
701 4364 831 4424 tantum
855 4363 995 4424 formam
1019 4362 1255 4437 superscripsit.

218 4475 315 4536 Plura
337 4477 434 4536 huius
457 4477 504 4536 rei
523 4477 673 4551 exempla
696 4478 810 4538 afferre
830 4478 1039 4552 supersedeo;
1060 4477 1205 4551 repetere
1224 4477 1336 4536 autem
1355 4475 1445 4534 lubet

208 4768 227 4837 ¹)
245 4773 275 4818 In
292 4773 312 4819 P
330 4774 370 4819 est
387 4774 473 4836 ἀποκρί
475 4787 558 4818 τττττττ
583 4772 605 4818 G
624 4774 650 4818 et
666 4770 686 4818 P
705 4772 829 4819 simillimi
846 4785 924 4833 saepe
941 4773 1008 4820 iuter
1025 4787 1053 4820 se
1071 4775 1138 4820 sunt.
1157 4772 1212 4819 vid.
1231 4786 1309 4832 supra
1325 4777 1341 4834 β
1359 4772 1415 4818 334.
