3406 5442
916 437 957 498 32

300 633 335 709 P,
367 630 433 703 εἵως
456 628 502 692 ὅτε
526 631 582 692 Ρ”.
608 629 666 690 nst
687 629 719 690 in
744 629 768 689 P
792 624 846 700 ἕως
870 627 924 689 ὅτε.
947 641 973 704 ψ
997 631 1061 692 266
1089 631 1288 710 „urxoplorror
1312 635 1347 712 P,
1371 637 1493 716 -ρήσεαι
1518 642 1584 704 Ρ”.

300 746 359 806 Est
380 746 413 806 in
440 745 465 804 P
488 742 660 822 κεχαρίσεατ.
681 746 741 804 eto.
769 741 949 816 Utramque
968 743 1218 818 discrepantiam
1236 751 1414 822 separatim
1438 757 1587 817 notasse

302 859 427 920 videtur
453 858 615 934 Lndwich,
646 859 697 926 ut¹
712 857 828 918 neutra
857 857 952 918 ieotio
983 859 1071 918 recta
1105 859 1158 920 sit.
1190 859 1314 922 Dooent
1344 866 1457 926 autern
1494 869 1586 930 haec

299 973 460 1048 exempla,
492 987 573 1045 quae
603 970 697 1032 facile
727 969 838 1043 angeri
869 973 1013 1047 possunt,
1045 987 1145 1044 quom
1170 974 1372 1048 negligenter
1394 979 1584 1044 editionem

300 1086 482 1148 coniecerit.
503 1086 554 1146 Sic
571 1100 685 1146 versus
704 1105 720 1144 o
741 1085 816 1159 531,
833 1083 886 1144 ubi
899 1083 924 1144 P
935 1083 1051 1146 dicitur
1063 1087 1214 1160 praebere
1227 1085 1344 1168 ἔπτατο,
1355 1091 1388 1151 in
1401 1093 1426 1152 P
1439 1097 1584 1158 omnino

298 1215 362 1260 non
385 1199 512 1273 legitur.

345 1313 458 1375 Confer
487 1314 586 1375 etiam
618 1313 683 1374 tab.
715 1313 762 1373 111
792 1327 867 1373 curn
899 1313 1046 1375 editione.
1078 1313 1148 1374 Non
1182 1315 1263 1377 vidit
1297 1340 1316 1396 η
1343 1319 1405 1379 100
1429 1322 1581 1395 priorem

298 1443 434 1488 manum
464 1427 633 1502 scripsisse
665 1442 693 1487 a.
723 1441 749 1486 o.
781 1425 913 1504 πύργων,
944 1441 1047 1500 neque
1082 1428 1143 1487 113
1175 1427 1332 1509 τετράγυος
1364 1449 1407 1492 ex
1431 1456 1482 1494 -ov
1507 1454 1581 1499 cor.

297 1544 424 1603 rectum
446 1557 529 1617 esse,
553 1555 657 1614 neque
684 1541 745 1600 124
769 1535 897 1618 τέρσεται
921 1554 962 1599 ex
985 1535 1125 1618 τέρπεται.

342 1769 448 1847 Quum
481 1769 580 1843 igitur
614 1767 758 1828 viderem
792 1768 861 1826 tem
897 1765 1002 1826 multo
1030 1766 1063 1826 in
1095 1766 1270 1828 editionem
1301 1769 1575 1836 Ludwiohienam

296 1884 464 1958 irrepsisse
496 1883 586 1958 vitia,
618 1884 651 1942 et
673 1883 840 1956 praeterea
863 1879 967 1940 multa
989 1879 1033 1940 ibi
1060 1880 1196 1942 inveniri
1220 1898 1302 1956 quae
1327 1887 1459 1948 omnino
1485 1905 1573 1950 com·

297 1998 470 2059 memorari
490 2011 554 2057 non
573 1995 770 2070 debuissent,
790 1993 926 2053 minime
949 2008 1186 2067 supervacuum
1211 1996 1290 2056 duxi
1309 1998 1472 2073 integram
1486 2004 1575 2064 hano

296 2111 500 2172 collationem
521 2109 620 2169 trium
643 2108 775 2168 Homeri
796 2105 958 2180 Odysseae
971 2107 1116 2167 codicum
1130 2109 1433 2182 antiquissimorum
1447 2117 1571 2189 publici

296 2225 376 2285 iuris
398 2225 513 2285 iecere.

1681 627 1683 720 i
