3406 5442
778 454 819 515 29

157 643 362 706 librariorum
392 644 582 705 inscientiae
613 644 800 719 postponit?
815 637 899 722 'trop’
925 638 973 720 ἅν,
996 635 1033 702 ὅτ’
1059 639 1107 721 ἄν,
1130 641 1170 715 εἰς
1195 641 1212 703 d
1234 665 1277 722 νε,
1299 641 1343 705 τοὶ
1366 643 1433 725 γὰρ,

157 754 177 836 ἥ
201 779 245 817 τοι
268 759 342 818 sim.
366 758 556 833 plerumque
579 773 643 818 uno
667 757 764 818 verbo
788 757 982 833 scribuntur,
1003 758 1101 818 verba
1120 759 1299 833 composita
1319 760 1431 819 autem

158 871 348 946 plerumque
378 873 517 933 induas
543 873 653 946 partes
683 871 880 948 dividuntur,
904 864 952 930 ἀπ’
978 861 1017 949 ἦν
1042 874 1102 933 oet.
1128 871 1278 933 Ceterum
1303 889 1430 948 praepo·

158 985 295 1046 sitiones
317 1000 413 1061 saepe
437 988 573 1046 accentu
596 987 717 1062 carent,
742 985 904 1060 imprimis
927 985 961 1046 in
987 986 1022 1047 d.

203 1101 426 1173 Augmentum
459 1099 651 1174 syllabioum
682 1101 893 1174 praecedente
923 1121 952 1160 -ε
982 1100 1171 1175 plerumque
1195 1102 1374 1164 omittitur:
1401 1098 1433 1161 δὲ

159 1210 292 1293 γένοντο,
314 1214 347 1273 in
371 1213 397 1274 G
421 1215 532 1274 autem
554 1213 721 1289 praevalet
745 1213 837 1274 elisio
860 1214 957 1276 huius
981 1235 1004 1290 ε,
1027 1207 1052 1272 d’
1079 1211 1213 1293 ἐγένοντο
1230 1209 1260 1285 ¹).

203 1328 301 1388 Elisio
336 1328 445 1388 exitus
475 1330 526 1396 dv)
556 1327 589 1386 in
620 1327 730 1388 dativo
764 1327 890 1404 plurali,
923 1329 956 1387 et
985 1350 1016 1386 οι
1047 1329 1081 1388 in
1112 1327 1271 1388 infinitivo
1303 1331 1433 1404 saepius

158 1457 258 1515 quam
282 1442 314 1500 in
338 1441 455 1502 ceteris
479 1441 567 1502 codd.
593 1441 625 1501 in
650 1441 876 1502 diudicetur:
900 1435 1028 1524 adapo’,
1051 1435 1146 1518 lupo?
1174 1444 1234 1503 eto.

202 1557 274 1616 Iota
293 1555 512 1630 subscriptum
531 1569 595 1634 non
614 1569 686 1615 raro
708 1555 878 1616 omissum.
892 1556 1021 1616 Habent
1033 1557 1143 1617 autem
1157 1556 1256 1617 verba
1268 1557 1301 1617 in
1315 1557 1432 1630 quibus

158 1684 218 1730 nos
244 1683 307 1729 non
330 1668 520 1730 scribimus:
545 1663 676 1753 προτέρῳ
700 1669 752 1729 vel
775 1691 853 1747 -ρωι,
876 1661 961 1751 ᾧμοι,
983 1677 1021 1751 τῷ
1050 1673 1134 1740 (eam
1168 1669 1206 1730 ob
1230 1675 1374 1741 causam)
1400 1672 1433 1730 et

157 1783 419 1844 instrumentalis
449 1783 483 1842 in
506 1804 586 1866 Ι-ῃφι,
611 1775 851 1858 Coniunctivos,
876 1782 1048 1858 optativos¹
1073 1783 1266 1844 indicativos
1289 1783 1432 1844 interae

158 1897 310 1958 confusos
329 1895 450 1970 notavi,
472 1910 670 1970 quamquam
691 1911 825 1970 parvam
846 1896 907 1956 hac
926 1897 960 1956 in
979 1912 1014 1956 re
1033 1895 1131 1957 fidem
1152 1897 1299 1958 codicum
1320 1897 1432 1958 habeo.

158 2010 291 2086 Quoties
315 2009 402 2070 enim
426 2010 652 2083 permutentur
671 2009 792 2083 optime
812 2011 903 2084 patet
923 2025 964 2070 ex
985 2010 1088 2070 indice
1109 2010 1211 2071 altero
1231 2011 1265 2070 in
1285 2011 1432 2072 Larochii

158 2124 323 2198 Odysseae
361 2123 501 2184 editione
539 2137 568 2196 p.
609 2123 672 2183 355
704 2123 724 2182 i.
762 2139 792 2183 v.
828 2124 925 2184 modi.
958 2123 1019 2183 His
1050 2125 1161 2184 autem
1193 2124 1273 2184 locis
1298 2127 1432 2198 uterque

158 2238 276 2298 modus
306 2237 339 2296 in
366 2236 456 2298 libris
479 2236 659 2310 invenitur;
683 2238 718 2296 at
745 2238 823 2309 quot
845 2236 925 2296 locis
949 2237 1087 2297 vitiosus
1110 2239 1239 2298 tantum
1263 2239 1431 2299 remansit.

157 2353 200 2412 Et
229 2351 281 2412 hio
313 2351 428 2411 afferre
458 2365 589 2425 possem
621 2365 719 2411 aurea
750 2351 874 2411 Lehrsii
906 2352 1003 2411 verba
1034 2367 1132 2426 supra
1163 2352 1294 2414 laudata
1329 2368 1433 2426 neque

158 2467 242 2527 facio
273 2480 348 2525 cum
380 2464 534 2524 Larochio
565 2464 620 2536 qui
651 2463 666 2535 ξ
701 2464 763 2523 184
790 2466 942 2526 annotat:
974 2465 1155 2541 „optativos
1184 2466 1379 2539 praeferrem
1404 2465 1433 2524 si

159 2579 332 2640 meliorum
353 2577 507 2638 librorum
528 2576 589 2637 fide
609 2577 821 2638 niterentor”.
839 2579 956 2654 Immo,
970 2579 1053 2650 quod
1065 2579 1192 2652 flagitat
1204 2580 1430 2655 grammatica,

158 2692 273 2753 invitis
295 2692 395 2752 etiam
420 2691 571 2752 omnibus
595 2691 685 2752 libris
709 2691 939 2766 reponendum.

206 2809 288 2884 Μεο,
321 2827 391 2882 μον,
424 2827 484 2882 μοι,
517 2821 568 2865 σεο
600 2808 660 2866 cet.
693 2821 790 2880 saepe
821 2805 1076 2881 confunduntur;
1111 2821 1213 2867 unum
1245 2807 1432 2882 exemplum

158 2921 295 2980 afferam
318 2919 403 2992 quod
427 2919 544 2979 melius
567 2934 664 2992 quam
690 2919 804 2994 longae
827 2919 1063 2993 disputationes
1087 2920 1189 2997 docet,
1215 2935 1314 2994 quam
1336 2921 1433 2994 negli-

159 3036 274 3108 genter
294 3034 356 3093 hao
378 3047 504 3106 quoque
527 3033 560 3092 in
583 3048 618 3092 re
641 3032 766 3093 scribae
791 3033 913 3094 versati
936 3033 1011 3094 sint.

205 3169 224 3206 κ
254 3147 316 3206 481
345 3146 418 3207 hab.
443 3144 470 3206 G
492 3142 551 3204 θεὰ
575 3141 608 3203 δέ
630 3166 679 3222 μοι
704 3142 806 3204 ἔκλυεν
829 3142 936 3223 αὐδῆς,
958 3145 1030 3206 dein
1055 3146 1134 3207 baec
1157 3147 1264 3224 iterat,
1288 3148 1381 3221 quasi
1405 3148 1434 3207 si

158 3277 265 3323 novus
289 3275 403 3323 versus
427 3261 524 3336 esset,
549 3259 605 3320 sed
628 3275 684 3334 pro
708 3281 757 3336 μοι
780 3260 892 3320 scribit
917 3280 980 3336 μεν.

205 3375 359 3436 Inutilem
392 3375 587 3448 farraginem
624 3373 814 3435 mendorum
846 3390 887 3434 ex
918 3374 1069 3435 itacismo
1101 3377 1253 3436 natorum
1292 3391 1312 3436 a
1346 3376 1434 3436 iusta

158 3490 368 3551 annotatione
392 3489 503 3550 critica
526 3489 667 3549 alienam
690 3489 781 3550 duco.
803 3490 993 3550 Praeterea
1014 3504 1097 3562 quae
1115 3491 1156 3550 ad
1176 3492 1306 3550 textum
1327 3506 1432 3551 emen-

158 3605 302 3664 dandum
327 3604 446 3680 valent,
478 3618 516 3664 ea
547 3619 672 3677 quoque
705 3604 819 3679 recepi,
851 3604 935 3664 uode
959 3604 1107 3678 cognatio
1130 3607 1313 3666 nostrorum
1344 3605 1432 3666 codd.

158 3734 237 3780 cum
268 3719 340 3779 aliis
372 3718 563 3792 investigari
594 3719 626 3778 et
650 3716 774 3779 definiri
797 3733 893 3793 posse
917 3718 1096 3794 videbatur,
1120 3719 1196 3791 quia
1219 3718 1432 3778 utilissimum

159 3834 244 3894 duco
288 3832 528 3906 comparatione
573 3832 675 3906 patris
721 3834 754 3892 et
799 3831 939 3892 filiorum
983 3831 1134 3892 instituta
1177 3831 1313 3908 efficere,
1356 3834 1435 3905 quot

159 3945 334 4020 qualiaque
376 3946 494 4006 menda
535 3945 738 4006 librariorum
781 3945 995 4018 negligentiae
1033 3945 1203 4006 tribuenda
1237 3946 1312 4006 sint.
1350 3945 1434 4006 Hoc

160 4059 273 4121 enim
308 4059 520 4134 imprimis
555 4059 638 4118 sibi
672 4059 940 4133 propositum
979 4059 1134 4119 habeat
1171 4074 1239 4119 ars
1273 4059 1433 4133 palaeo-

159 4173 366 4249 graphica
393 4175 439 4234 ut
466 4187 540 4233 nos
571 4173 737 4248 doceat,
765 4172 857 4246 quid
881 4173 921 4232 in
946 4172 1205 4233 emendando
1229 4173 1434 4247 scriptore

159 4287 334 4348 licitum
365 4288 432 4348 sit.

209 4401 319 4462 Unum
346 4403 449 4462 adbuc
476 4403 595 4476 restat;
624 4401 914 4462 demonstrandum
937 4404 988 4460 est
1012 4416 1172 4474 quaenam
1192 4401 1248 4461 illa
1268 4401 1348 4461 vitia
1369 4402 1435 4462 sint

199 4680 219 4748 ¹)
245 4684 300 4732 Non
326 4684 441 4742 intelligo
468 4696 513 4730 eur
537 4683 659 4731 Ludwioh
686 4703 700 4744 γ
729 4685 777 4731 385
802 4685 934 4746 scripserit
961 4685 986 4730 δ’
1013 4685 1083 4738 lulvu,
1107 4704 1121 4732 ν
1147 4688 1193 4733 102
1218 4689 1303 4733 autem
1327 4685 1352 4732 dl
1376 4687 1434 4731 κλύι.

162 4765 280 4822 Utroque
297 4763 354 4809 loco
373 4762 445 4810 codd.
464 4763 487 4810 δ’
508 4764 578 4810 luico.
