3406 5442
775 440 816 497 23

156 625 322 699 Odysseae
353 625 512 686 memoria
542 627 664 701 tenent,
696 640 792 700 saepe
824 640 905 698 quae
937 625 970 683 in
1001 641 1038 684 eo
1070 641 1167 684 versu
1190 625 1268 685 illud
1293 627 1427 686 verbum

155 739 346 815 sequuntur,
371 739 575 799 substituunt
596 754 653 813 pro
676 739 716 799 iis
739 754 822 812 quac
846 739 878 799 in
903 754 999 798 versu
1024 753 1120 811 quem
1145 739 1240 799 modo
1260 741 1426 800 transscri-

154 852 236 912 bunt
266 854 455 925 sequuntur.
483 852 517 913 Ε.
542 867 571 926 g.
596 853 670 927 post
692 849 867 929 ἐυκνημῐδες
890 853 924 912 in
946 852 1046 913 Iliade
1070 852 1258 928 plerumque
1281 854 1428 926 sequitur

155 961 264 1044 ἅχτιοι,
294 966 327 1026 in
358 965 504 1040 Odyssea
534 963 653 1045 ἑταῖροι,
675 966 789 1026 multis
813 967 924 1027 autem
948 965 1028 1026 locis
1051 966 1083 1026 in
1108 967 1196 1027 codd.
1221 967 1341 1027 nostris
1364 967 1425 1041 leg.

154 1076 330 1157 ἐυκνημῖδες
355 1075 452 1157 δέχαται
476 1097 503 1141 e.
528 1095 557 1154 g.
582 1080 601 1158 β
625 1081 699 1140 402.

200 1193 306 1253 Huius
334 1193 531 1255 confusionis
550 1193 701 1268 exempla
720 1195 875 1254 sexcenta
894 1208 936 1253 ex
955 1193 1117 1253 codicibus
1136 1193 1257 1254 nostris
1276 1193 1425 1268 colligere

153 1322 295 1380 possem.
327 1309 364 1368 In
396 1309 561 1368 variarum
592 1307 768 1367 lectionum
796 1307 879 1367 serie
911 1306 1048 1380 singulis
1071 1306 1151 1366 locis
1176 1299 1273 1367 verbo
1297 1307 1425 1369 aliunde

153 1420 255 1496 illato,
292 1437 422 1482 versum
463 1423 547 1483 unde
585 1421 772 1497 provenisse
808 1421 945 1496 videtur,
983 1420 1117 1494 apposui
1156 1420 1205 1491 (ci.
1221 1465 1227 1480 .
1244 1423 1279 1496 .);
1315 1421 1426 1482 notavi

152 1535 320 1609 praeterea
344 1551 459 1597 versus
483 1536 537 1596 ubi
561 1537 687 1596 similes
710 1551 835 1597 errores
859 1537 991 1596 exstant
1014 1535 1089 1606 (vid.
1115 1535 1213 1595 etiarn
1229 1581 1235 1596 .
1252 1581 1258 1595 .
1273 1538 1302 1605 .).

199 1649 431 1710 Percurremus
458 1651 577 1726 raptim
609 1665 710 1711 unum
739 1650 869 1726 librum,
901 1651 939 1709 ut
961 1649 1132 1710 videamus
1155 1664 1254 1722 quam
1278 1648 1342 1709 late
1366 1650 1426 1709 hoc

153 1763 279 1823 malum
298 1765 426 1838 pateat;
451 1763 573 1824 multos
596 1779 711 1824 versus
734 1764 894 1825 indicasse
914 1764 1044 1824 tantum
1066 1767 1119 1822 sat
1139 1763 1209 1823 erit.
1230 1761 1319 1836 alogi
1332 1762 1385 1823 lib.
1399 1764 1424 1838 ξ,

152 1891 352 1950 quamquam
372 1877 497 1952 primus
517 1879 652 1952 quisque
673 1893 774 1951 aeque
795 1881 890 1953 aptus
910 1879 950 1938 ad
966 1893 1036 1938 rem
1056 1877 1343 1938 demonstrandam
1364 1879 1424 1938 est.

198 1990 213 2063 ξ
245 1993 264 2051 6
295 1987 476 2076 περισκέπτῳ
507 1988 551 2050 ἐνλ
581 1991 665 2076 χώρῳ
696 1993 775 2069 eod„
808 1993 849 2052 al.
874 1993 947 2053 leci.
972 1987 1183 2070 κατωρυχέεσσι
1205 1989 1317 2049 λίθοισι
1341 1991 1424 2063 quod

151 2105 251 2164 2185
283 2107 356 2180 post
387 2101 490 2182 ὑψηλὴ
522 2101 648 2182 δέδμητο
683 2106 839 2181 sequitur,
880 2105 1107 2180 superscripsit
1138 2097 1188 2165 e2.
1221 2104 1311 2164 Eust.
1342 2104 1425 2163 hanc

152 2217 328 2280 lectionem
361 2234 487 2293 quoque
517 2219 549 2278 in
581 2219 744 2279 nonnullis
776 2220 938 2280 codicibus
969 2219 1146 2280 invenerat.
1172 2219 1335 2278 Praeteri
1361 2218 1423 2278 185

154 2329 368 2412 κατωρυχέεσσι
391 2332 503 2393 λίθοισι
526 2334 559 2394 in
581 2329 678 2394 Hom.
702 2348 766 2394 non
789 2334 963 2395 invenitur.

201 2450 241 2508 12
273 2445 408 2519 πυκνοὺς
430 2444 479 2507 καὶ
499 2443 615 2524 θαμέας
635 2448 789 2524 plerique,
810 2468 839 2506 π.
859 2470 885 2506 κ.
906 2446 1050 2527 μεγάλους
1070 2447 1168 2523 Gal,
1190 2448 1280 2507 Eust.
1301 2449 1422 2507 utrum·

151 2578 215 2636 que
246 2563 347 2623 novit.
380 2562 420 2622 ci.
454 2563 494 2620 M
522 2564 575 2622 57.
600 2562 721 2623 Eadem
752 2563 850 2622 verba
878 2562 1049 2624 coniuncta
1078 2561 1324 2634 inveniuntur}
1348 2563 1423 2638 521,

151 2692 217 2738 non
241 2675 332 2737 alias.

199 2793 239 2850 31
273 2797 422 2869 σκῆπτρον
453 2786 486 2850 δέ
516 2789 547 2850 οἱ
571 2787 672 2849 έκπεσε
695 2789 849 2866 plerique,
882 2807 907 2850 σ.
932 2790 958 2850 δ.
983 2786 1007 2850 ὃ.
1031 2788 1134 2870 ἔκβαλε
1158 2790 1185 2851 G
1207 2791 1248 2850 al.
1274 2805 1316 2850 ex
1339 2790 1358 2868 β
1382 2791 1423 2850 37

150 2887 218 2964 (ιω
242 2905 293 2965 εει
316 2900 442 2982 ἔμβαλε).

197 3019 238 3078 33
270 3007 333 3076 ὦκα
364 3012 434 3076 ποσλ
465 3021 635 3095 κραιπνοῖσι
665 3019 737 3094 cet,
770 3009 832 3077 ὦκα
863 3017 1022 3098 παρίστατο
1049 3017 1080 3078 οἷ
1101 3017 1144 3095 G,
1162 3033 1203 3078 ex
1228 3019 1252 3075 B
1276 3017 1350 3078 244.
1375 3016 1425 3076 Ad

151 3133 295 3192 metrum
318 3131 514 3206 explendum
537 3131 660 3192 addidit
683 3131 715 3190 oi
735 3132 896 3193 librarius.

197 3247 240 3307 50
260 3241 352 3324 δέρμα
372 3246 444 3322 cel„
465 3239 554 3321 δέμνι’
570 3244 606 3307 G.
620 3245 707 3306 Sulis
719 3247 833 3307 notum
847 3243 951 3323 δέμνια
964 3242 992 3306 δ’
1013 3245 1169 3325 ἐστόρεσαν
1182 3246 1256 3306 sim.
1270 3247 1306 3304 ul
1319 3244 1336 3303 δ
1350 3245 1422 3304 301.

198 3362 239 3420 76
262 3351 406 3438 παρεθῆκ’
433 3353 539 3436 ὀδυσῆι
562 3361 634 3434 cel„
658 3355 811 3438 παρέθηκε
835 3357 968 3439 φέρουσα
992 3360 1029 3437 G,
1054 3361 1094 3421 cf.
1119 3383 1138 3419 α
1164 3361 1225 3420 139
1251 3359 1292 3418 al.

196 3474 238 3534 87
262 3465 346 3532 οἶκον
369 3467 402 3532 δὲ
425 3468 547 3531 νέεσθαι
570 3472 723 3549 plerique,
748 3465 831 3533 οἷκον
855 3469 887 3532 δέ
911 3470 1031 3546 ἕκαστος
1055 3467 1122 3535 GF²
1142 3475 1182 3534 al.
1207 3473 1247 3534 ef.
1271 3495 1290 3529 α
1314 3474 1388 3532 424.

199 3589 259 3647 121
285 3584 420 3664 συβώτης
444 3582 571 3664 ὄρχαμος
595 3582 714 3665 ἀνδρῶν
737 3587 758 3648 i.
783 3603 807 3648 r.
833 3581 883 3648 (³².
909 3589 990 3664 quid
1018 3589 1183 3664 scripserit
1211 3587 1237 3647 (l
1268 3602 1330 3646 uon
1357 3588 1424 3646 iam

149 3702 258 3776 patet;
292 3700 349 3760 sed
379 3700 442 3760 fuit
471 3700 541 3760 sine
572 3700 667 3761 dubio
699 3716 801 3761 unum
834 3702 963 3762 exiliis
994 3701 1210 3762 hemistichiis
1236 3716 1319 3774 quae
1343 3700 1424 3761 alias

149 3816 225 3890 post
254 3811 306 3874 τὸν
338 3807 366 3872 δ’
401 3807 524 3892 ἠμείβετ’
559 3811 656 3873 ἔπειτα
688 3816 878 3891 sequuntur,
911 3831 937 3876 e.
961 3831 991 3889 g.
1022 3815 1168 3886 πολύτλας
1193 3813 1256 3886 δῖος
1281 3809 1424 3884 ὀδυσσεύς

151 3929 203 3989 vel
227 3928 302 3988 sim.
326 3928 411 4002 quid.

199 4043 261 4102 158
281 4045 364 4101 θεῶν
384 4041 465 4119 ξενίη
485 4063 514 4100 τε
533 4037 659 4120 τραπέζα
684 4043 755 4117 cet,
780 4038 955 4121 ἐρίγδουπος
977 4041 1064 4114 πόσις
1085 4041 1159 4122 ἥρης
1181 4043 1223 4118 G,
1245 4042 1284 4102 cf.
1306 4045 1330 4098 θ
1350 4043 1425 4116 465,

150 4157 215 4216 vid.
241 4156 341 4216 etiam
368 4177 385 4234 ρ
413 4157 486 4232 155,
511 4178 529 4214 ν
554 4157 628 4215 230.
653 4155 751 4215 Vides
776 4172 906 4216 versum
930 4158 1015 4218 hunc
1038 4157 1264 4217 formularium
1288 4156 1425 4229 singulis

150 4271 232 4331 locis
254 4270 355 4331 aliam
377 4270 411 4330 in
434 4270 508 4330 aliis
531 4270 620 4330 codd.
645 4270 762 4330 habere
785 4271 935 4332 formam.

200 4383 262 4443 175
285 4379 354 4442 θεοὶ
376 4380 453 4462 έρνει
476 4375 541 4442 ἶσον
565 4399 679 4444 omnes
703 4385 802 4460 codd,
827 4389 858 4443 θ.
879 4384 1059 4465 οὐρανίωνες
1080 4401 1109 4446 a.
1130 4386 1151 4445 l.
1178 4379 1228 4462 (3²,
1250 4385 1289 4445 ef.
1310 4407 1329 4461 η
1351 4385 1424 4443 242.
1456 4375 1470 4402 ”

198 4497 262 4556 248
286 4493 448 4575 ἐσαγείρετο
471 4494 541 4568 λαλος
565 4498 637 4573 cet,
662 4493 741 4576 ἐσαγ.
765 4497 865 4575 θύμος
889 4499 923 4568 Ρ.
948 4499 987 4560 cf.
1015 4500 1040 4557 Ο
1064 4499 1139 4558 240.

198 4612 262 4671 274
294 4605 311 4668 δ
342 4603 370 4668 δ’
397 4606 520 4688 ἐρύσατο
547 4607 598 4668 καλ
625 4604 650 4687 μ’
678 4607 795 4688 ἐλέησεν
827 4614 899 4689 cet„
924 4609 940 4672 ὁ
965 4606 995 4672 δ’
1022 4609 1146 4691 ἐρύσατο
1170 4609 1220 4671 καλ
1243 4606 1268 4688 μ’
1298 4608 1426 4671 ἐσάωσεν

153 4725 181 4787 G
203 4725 292 4785 Eust.
319 4724 592 4802 ο1.χ372.71(1.
618 4726 716 4784 etiam
742 4725 759 4784 d
784 4728 858 4787 364.
