3406 5442
742 469 781 528 19

168 658 189 736 β
221 658 284 718 227
317 671 380 717 om.
409 655 445 718 0.
471 655 558 717 Satis
582 657 729 717 contorta
751 657 958 717 constructio.
984 657 1017 717 Si
1041 658 1171 718 abesset
1193 673 1309 718 versus
1333 673 1398 718 non

123 771 370 832 desideraretur.

168 908 187 965 y
219 885 283 945 308
315 889 370 955 l:
389 907 408 942 α
440 885 515 954 300)
546 899 610 944 οπο.
635 883 671 946 G.
696 885 770 945 Iure
794 885 871 945 eiec.
895 884 1005 959 plures
1028 885 1177 946 editores.
1203 885 1264 948 Sed
1288 887 1398 948 nescio

122 1016 165 1060 οο
186 1000 287 1060 011οο
311 1021 330 1056 α
354 999 419 1060 300
443 1013 517 1058 cum
541 998 575 1058 P.
600 998 724 1072 Knight
747 999 911 1059 eiciendus
936 999 989 1060 sit.
1017 997 1082 1058 Οὐκ
1101 995 1174 1070 ἀίεις
1194 1000 1281 1060 enim
1302 1001 1398 1074 signi·

121 1113 218 1174 ficat:
242 1128 347 1174 nonne
374 1112 504 1188 audisti,
524 1129 569 1168 =
588 1112 668 1172 bene
700 1112 775 1173 seis.
809 1112 963 1186 Displicet
987 1112 1088 1172 etiam
1112 1106 1209 1192 πατέρ’
1235 1110 1303 1172 ἔκτα
1325 1115 1399 1188 post

121 1234 330 1307 πατροφονῆα.

169 1340 188 1400 d
213 1343 276 1402 303
301 1345 354 1411 l:
367 1342 419 1411 21)
443 1355 507 1401 om.
531 1339 567 1401 0.
593 1339 653 1416 Qui
673 1339 703 1399 oi
720 1335 774 1416 μέν
795 1355 826 1400 v.
852 1340 915 1399 302
940 1340 1017 1416 sint,
1038 1341 1121 1400 satis
1140 1343 1230 1416 patet
1249 1359 1291 1403 ex
1311 1357 1396 1416 prae·

121 1456 251 1516 cedenti
275 1453 397 1526 ξείνους.
420 1454 542 1516 Versus
565 1452 786 1528 interpolatori
810 1452 918 1513 deberi
942 1453 1078 1514 videtur.

169 1591 180 1628 ι
204 1570 268 1629 414
292 1584 356 1629 om.
381 1568 415 1629 F.
439 1567 552 1628 Potius
575 1567 744 1627 servarim.

170 1705 186 1741 ο
211 1685 230 1744 6
254 1697 318 1742 οπο.
343 1682 378 1742 P.
403 1681 437 1742 Si
460 1681 590 1741 abesset
613 1695 676 1740 non
700 1680 946 1756 desideraretur,
970 1681 1073 1741 immo
1097 1681 1215 1742 meiius
1239 1683 1340 1744 abest.

170 1798 234 1856 345
266 1811 330 1856 οοπ.
363 1794 424 1870 dr,
457 1795 565 1854 damn.
595 1793 629 1854 P.
661 1793 794 1869 Knight,
821 1794 944 1869 Nauck,
969 1794 1133 1869 Ludwich,
1160 1796 1290 1856 343-5
1320 1797 1399 1857 eisc.

121 1909 260 1971 Bekker.
285 1908 407 1969 Deletis
432 1909 495 1968 344
519 1923 568 1980 sq.
592 1907 683 1967 locus
707 1922 807 1967 sanus
832 1907 969 1968 videtur.

170 2039 187 2080 σ
211 2023 275 2082 280
300 2022 351 2094 (of.
375 2045 394 2080 α
421 2023 494 2091 160)
518 2036 582 2081 orn.
607 2021 642 2081 P.
664 2021 737 2081 Sine
763 2021 858 2081 dubio
882 2021 1071 2082 servandus

170 2139 234 2198 282
265 2154 329 2199 οπο.
361 2139 395 2199 P.
429 2137 510 2198 (lum
541 2137 689 2210 sequenti
720 2135 874 2197 delendus
898 2138 955 2197 aut
978 2137 1175 2210 servendus;
1202 2137 1261 2196 hoc
1285 2137 1398 2196 autem

121 2254 279 2328 praestat.

170 2389 188 2425 υ
213 2367 276 2426 335
300 2381 364 2426 οπο.
389 2365 423 2426 F.
449 2364 558 2440 Recte,
583 2366 620 2424 ut
643 2365 724 2424 mihi
749 2364 891 2439 videtur;
917 2379 958 2424 ex
982 2383 1004 2421 τ
1030 2365 1070 2424 76
1095 2377 1143 2436 sq.
1169 2361 1335 2424 confictus.

170 2501 193 2538 ω
220 2481 281 2540 117
307 2494 370 2540 οπο.
395 2479 429 2538 P.
455 2479 578 2540 Abesse
602 2479 724 2552 nequit.

172 2705 302 2768 Ceteros
325 2707 380 2780 qui
403 2707 577 2782 supersunt
600 2705 745 2778 singulos
770 2705 948 2766 videamus.

169 2843 188 2878 α
223 2820 285 2880 138
316 2835 364 2894 sq.
396 2820 467 2881 add.
492 2813 534 2880 G²
555 2821 576 2881 i.
601 2835 665 2881 res.
694 2819 791 2879 unius
816 2834 941 2879 versus.
966 2817 1084 2892 Opinor
1107 2817 1234 2878 dedisse
1259 2818 1285 2880 0
1307 2817 1398 2894 νίψα-

120 2937 198 2992 σθαι
222 2933 289 3011 δοίη
312 2933 401 3011 ταμίη
424 2954 454 2994 rr.
478 2956 510 3010 φ.
536 2933 581 2995 Cf.
606 2933 620 3006 ξ
645 2934 709 2994 475
734 2948 781 3006 sq.
806 2933 839 2992 in
863 2933 898 2993 P.

169 3047 188 3126 β
201 3048 265 3110 407
278 3052 334 3120 l:
345 3047 363 3106 d
375 3049 450 3119 428)
463 3064 527 3109 οπο.
541 3047 628 3108 01Ῥ.
646 3047 735 3107 Serv.
749 3047 897 3106 editores,
911 3045 1044 3120 Propter
1056 3038 1139 3104 ἔπειτ’
1155 3062 1185 3106 v.
1200 3061 1267 3119 seq.
1281 3047 1395 3106 abesse

120 3162 238 3222 malim
260 3163 334 3223 407.
355 3161 418 3222 Vix
436 3163 563 3223 rectum
583 3162 670 3222 enim
692 3160 820 3220 videtur
839 3156 901 3218 ἐπεὶ
919 3157 1092 3236 κατήλυθον
1113 3151 1265 3238 -εὗρον
1289 3157 1397 3229 ἔπειτα,

168 3275 186 3334 0
211 3277 250 3335 75
275 3291 339 3336 οπο.
363 3276 398 3336 P.
423 3275 573 3351 Optimus
600 3290 722 3335 versus.
747 3273 825 3334 Post
848 3275 890 3334 74
914 3275 1025 3333 autem
1049 3273 1264 3349 interpunctio
1287 3277 1395 3336 maior

118 3390 279 3464 ponenda.

167 3504 209 3563 83
233 3518 298 3564 orn.
322 3502 389 3579 PH,
413 3517 492 3563 casu
515 3504 551 3563 ut
575 3502 711 3564 videtur.

167 3617 231 3676 294
263 3631 327 3677 οπο.
357 3618 480 3689 etseq.
504 3615 612 3676 damn.
637 3614 673 3676 0.
698 3615 773 3675 Sine
797 3615 861 3676 294
886 3615 1009 3675 servari
1033 3615 1096 3675 295
1121 3631 1183 3676 non
1207 3619 1323 3691 potest.
1348 3619 1394 3680 De

119 3747 180 3792 suo
211 3731 320 3792 locum
353 3731 533 3790 correxisse
566 3729 693 3790 videtur
724 3730 760 3805 0,
792 3745 869 3789 nam
893 3732 979 3790 recte
1007 3745 1042 3790 se
1067 3731 1186 3790 habent
1210 3731 1243 3790 hi
1269 3747 1392 3794 versus.

118 3846 160 3906 cf.
186 3844 218 3902 a
242 3845 307 3906 635
330 3859 377 3917 sq.
403 3844 448 3904 De
472 3844 563 3917 signo
586 3850 601 3900 l
621 3859 683 3916 quo
707 3843 771 3903 295
796 3843 971 3903 damnatus
996 3845 1046 3902 est
1070 3843 1133 3904 vid.
1158 3859 1187 3917 p.
1212 3845 1243 3904 4.

165 3959 230 4018 432
262 3973 326 4018 οπο.
358 3957 436 4018 GPP
466 3957 507 4018 01.
532 3957 647 4018 Omitti
671 3958 799 4031 nequit;
825 3959 938 4016 notatu
962 3956 1094 4030 dignum
1119 3963 1230 4016 eutem
1258 3973 1390 4018 versum

119 4075 152 4134 in
177 4076 227 4134 tot
250 4073 339 4134 codd.
364 4073 486 4134 deesse.

167 4189 231 4248 784
255 4189 363 4249 damn.
388 4187 424 4248 0.
450 4186 607 4264 Quattuor
629 4186 708 4248 iocis
732 4187 766 4246 in
785 4186 842 4247 Od.
864 4186 1029 4247 dubitatur
1049 4185 1156 4245 sintne
1175 4184 1277 4263 τεύχεα
1297 4187 1391 4247 navis

119 4304 326 4364 armamenta
348 4306 441 4376 (quae
464 4301 546 4362 alias
570 4298 645 4360 ὅπλα
669 4301 828 4370 dicuntur)
852 4316 894 4361 an
918 4315 1010 4360 arma
1033 4299 1157 4360 bellica.
1182 4320 1197 4358 ο
1218 4300 1281 4359 218
1303 4300 1392 4361 iubet

120 4417 352 4478 Telemachus:
373 4413 537 4495 ἐγκοσμεῖτε
556 4411 592 4473 τὰ
610 4413 721 4492 τεύχεα,
733 4410 851 4493 ἑταῖροι,
866 4415 899 4473 hi
919 4413 1125 4474 obediunt
1145 4414 1179 4473 et
1194 4413 1227 4473 in
1239 4415 1392 4475 transtris

119 4531 300 4607 considunt,
324 4531 344 4591 i.
370 4546 397 4591 e.
422 4545 531 4590 remos
554 4531 710 4589 exserunt
733 4531 766 4589 et
788 4529 865 4589 loris
889 4528 1040 4602 alligent;
1063 4542 1194 4602 prorsus
1213 4528 1389 4588 absurdum

119 4647 208 4706 esset
246 4644 275 4704 si
309 4643 433 4704 iuberet
468 4658 560 4703 arma
593 4641 708 4702 bellica
742 4642 884 4717 expediri
920 4642 973 4702 ubi
1008 4641 1117 4701 nullus
1148 4642 1252 4702 hostis
1286 4643 1388 4703 adest.

118 4780 140 4817 ττ
165 4759 229 4820 326
253 4760 286 4818 et
312 4760 375 4818 360
400 4758 499 4818 etiam
523 4758 562 4818 de
586 4757 680 4816 navis
711 4757 841 4816 tantum
865 4755 1080 4816 armamentis
1107 4756 1241 4829 cogitari
1271 4757 1387 4830 potest.
