3406 5442
895 443 936 502 24

319 628 384 688 304
407 623 482 707 ὑπὲρ
505 631 661 707 γλαφυρῆς
684 630 757 705 cot,
781 623 856 707 ὑπὲρ
880 631 1011 704 κεφαλῆς
1035 629 1069 704 F,
1095 629 1134 690 cf.
1160 628 1177 688 d
1202 629 1276 691 803.

320 744 383 802 357
414 742 530 802 Nescio
561 757 602 802 an
630 743 693 802 huc
717 741 817 803 etlam
841 742 1025 816 pertineant
1047 725 1301 818 praepositiones
1324 747 1486 822 confusae,
1511 749 1549 807 ut

274 856 334 914 hoc
364 855 434 916 loco
466 851 514 914 λπλ
544 870 642 928 quam
674 856 735 915 cet.
767 856 801 916 et
830 850 905 933 ὑπὲρ
936 869 1033 928 quam
1063 857 1218 920 Ghabet.
1243 859 1393 920 Fortasse
1417 877 1458 921 ex
1481 863 1545 921 304

274 963 337 1029 huc
368 969 514 1043 irrepsit;
546 968 644 1028 toties
675 970 787 1030 autem
810 971 1037 1044 permutantur
1065 971 1097 1030 in
1122 971 1211 1032 codd.
1235 973 1488 1048 praepositiones
1514 978 1550 1036 ut

274 1083 355 1142 nihil
378 1083 458 1144 certi
482 1084 583 1144 statui
606 1084 719 1158 possit.

320 1197 384 1257 439
415 1195 468 1255 καί
496 1219 547 1274 μιν
578 1193 721 1273 φωνήσας
745 1193 881 1275 προσέφη
909 1196 1073 1275 πολύμητις
1106 1194 1249 1271 ὀδυσσεύς
1280 1201 1352 1276 cet,
1383 1199 1436 1258 καί
1456 1224 1485 1278 μ.
1518 1224 1550 1277 φ.

275 1308 345 1370 ἴπεα
376 1308 533 1389 πτερόεντα
564 1310 722 1390 προσηύδα
753 1311 787 1372 F.
812 1311 935 1373 Versus
965 1313 998 1372 bi
1029 1313 1208 1374 formularii
1236 1329 1365 1388 semper
1388 1314 1455 1376 fere
1479 1331 1550 1376 con·

276 1424 463 1486 funduntur.

259 1512 263 1526 Α
322 1539 386 1598 485
410 1534 565 1615 ἐμμαπέως
589 1536 742 1598 ὑπάκουσε
766 1539 839 1615 cet„
864 1535 928 1616 ἕμμ.
949 1535 1095 1618 ἀνόρουσε
1114 1540 1147 1600 F.
1169 1540 1208 1600 cf.
1232 1541 1260 1596 E
1280 1541 1354 1602 836.
1373 1535 1552 1618 Ἐμματτὲως

275 1653 327 1712 his
350 1652 475 1713 duobus
498 1655 628 1714 tantum
652 1653 733 1714 locis
756 1654 898 1714 obvium.
1394 1736 1397 1744 .

322 1766 387 1826 500
409 1770 532 1846 χλαῖναν
555 1763 626 1826 θέτο
651 1767 677 1826 (i
701 1766 753 1842 al,
777 1767 817 1827 cl.
846 1788 869 1841 φ
897 1763 968 1826 118.
990 1789 1014 1844 χ.
1036 1764 1107 1844 βάλε
1127 1766 1177 1826 FP
1197 1767 1250 1843 al,
1274 1767 1313 1828 cf.
1338 1789 1357 1828 ο
1377 1769 1407 1844 4,
1429 1771 1454 1827 Β
1476 1770 1551 1830 183.

275 1880 394 1941 Utrum
419 1881 563 1954 praestet
587 1895 651 1941 non
675 1896 716 1940 ex
741 1879 903 1941 codicibus
926 1881 1112 1954 petendum.
1513 1871 1516 1878 ’

322 1995 384 2054 501
409 1995 449 2072 βῆ
474 1990 506 2053 δὲ
528 1990 612 2053 θέειν
635 1996 708 2069 cet,
732 1993 771 2071 βῆ
796 1987 824 2052 δ’
851 1989 927 2052 ἴέναι
951 1993 991 2067 F;
1016 1993 1140 2067 passim
1164 1995 1338 2067 utrumque
1361 1995 1535 2057 invenitur.

320 2107 379 2168 Est
402 2109 501 2168 etiam
523 2107 579 2168 ubi
597 2122 661 2168 non
682 2122 821 2180 sequens
835 2107 980 2182 verbum,
1001 2107 1058 2168 sed
1078 2107 1273 2182 praecedens
1293 2108 1386 2169 alteri
1406 2111 1553 2186 cesserit,

277 2222 314 2280 ut
345 2221 360 2293 ξ
392 2223 432 2281 21
465 2217 529 2280 ello
560 2220 649 2281 ἴαυον
680 2221 833 2298 plerique,
869 2221 903 2281 in
932 2221 1048 2295 quibus
1072 2220 1160 2298 GFP,
1184 2217 1265 2293 ἕκτος
1288 2219 1377 2282 ἴαυον
1400 2223 1434 2298 Τ,
1459 2224 1552 2286 Eust.

278 2337 318 2396 al.
343 2336 438 2397 lectio
463 2329 513 2412 (δ’,
535 2351 576 2395 ex
600 2351 630 2396 v.
659 2336 699 2395 16
723 2335 943 2408 desumptum.

322 2449 374 2510 Sic
404 2467 431 2510 e.
452 2465 483 2524 g.
511 2447 616 2521 ἐύξοον
647 2449 731 2522 quod
761 2449 885 2523 passim
910 2449 943 2508 in
967 2448 1021 2509 lib.
1046 2470 1069 2523 φ
1094 2448 1258 2523 epitheton
1283 2465 1351 2510 voc.
1376 2449 1463 2523 τόξον
1488 2454 1552 2528 est,

277 2563 378 2624 etiam
401 2585 425 2639 φ
449 2564 513 2624 405
538 2564 642 2624 metro
666 2564 769 2623 invito
791 2563 866 2622 huic
890 2562 987 2623 verbo
1010 2563 1157 2622 additum
1182 2564 1242 2622 est.

321 2677 488 2752 Optimum
517 2677 703 2752 exemplum
736 2677 833 2736 huius
865 2677 982 2736 erroris
1013 2678 1065 2736 est
1096 2676 1196 2736 etiarn
1227 2677 1330 2747 ζ316
1360 2678 1393 2738 in
1425 2678 1461 2741 G.
1488 2681 1550 2741 vid.

276 2806 348 2866 bag·
373 2793 404 2851 4.

323 2905 416 2966 Hanc
446 2905 667 2966 confusionem
699 2905 778 2978 ipsis
809 2905 948 2964 librariis
976 2904 1201 2979 imputandam
1226 2920 1309 2980 esse,
1337 2908 1466 2980 praeter
1489 2907 1552 2967 alia

278 3021 340 3080 duo
372 3019 523 3094 exempla
553 3035 595 3079 ex
627 3018 654 3079 G
684 3019 787 3094 petita
822 3019 1003 3079 luculenter
1034 3019 1158 3080 docent.
1194 3041 1204 3076 ι
1242 3021 1305 3080 317
1341 3022 1417 3081 aute
1448 3017 1551 3098 ἀθύιη

278 3133 361 3206 quod
374 3133 503 3207 scripsit
517 3133 552 3210 G,
566 3149 629 3193 non
639 3127 690 3209 (δῖ,
705 3147 834 3193 erasum
848 3135 899 3194 est
911 3130 1055 3192 ἀπολλον.
1069 3134 1108 3194 cf.
1122 3156 1144 3208 φ
1159 3133 1232 3208 388,
1246 3157 1261 3211 χ
1276 3137 1304 3210 7,
1320 3136 1351 3192 Η
1363 3134 1416 3210 81,
1432 3137 1465 3192 Π
1478 3136 1550 3196 725.

279 3247 442 3307 Librarius
473 3248 528 3320 qui
558 3248 592 3307 in
623 3247 801 3321 exemplari
832 3247 917 3307 unde
949 3247 1149 3308 describebat
1180 3247 1292 3308 habuit
1321 3244 1425 3325 ἀθύνη
1449 3250 1487 3308 ut
1510 3265 1552 3309 ex

201 3379 204 3384 ·
279 3361 382 3436 ipsius
402 3354 598 3422 correctione
618 3363 718 3437 patet,
739 3363 851 3421 tamen
871 3361 999 3436 scripsit
1020 3357 1166 3436 ἀπόλλων,
1186 3361 1261 3434 quia
1281 3359 1348 3439 δολη
1369 3359 1442 3444 (δύῃ
1462 3359 1551 3446 πόρῃ)

279 3474 311 3536 δι’
335 3499 385 3555 μοι
409 3477 450 3548 (οἴ
470 3480 524 3546 τοι)
549 3465 632 3553 εὖχος
657 3471 794 3534 ἀπόλλων
818 3475 847 3534 ei
872 3472 998 3534 ἔναυλον
1021 3477 1092 3534 erat
1115 3489 1156 3534 ex
1177 3474 1256 3534 locis
1276 3490 1373 3549 supra
1395 3474 1504 3535 allatis
1520 3471 1551 3546 ¹).

323 3614 342 3651 υ
374 3593 438 3651 232
471 3588 616 3649 ἐλεύσεται
647 3582 774 3648 οἴκαδ’
810 3584 954 3660 ὄδυσσεύς
979 3591 1051 3665 oet,
1075 3585 1221 3648 ἐλεύσεται
1245 3582 1382 3647 ἐνθάδ’
1408 3583 1553 3661 ὀδυσσεύς

278 3705 305 3766 (ἴ
329 3720 370 3765 ex
394 3705 408 3777 ξ
435 3707 509 3765 161.
534 3703 687 3776 Sequenti
711 3705 823 3764 autem
847 3719 944 3765 versu
968 3718 1024 3778 pro
1048 3699 1174 3778 ἐπόψεαι
1193 3701 1229 3760 αἴ
1246 3695 1270 3761 κ’
1297 3698 1449 3785 ἐθέλῃσθα
1474 3705 1553 3765 noto

279 3835 385 3880 errore
409 3818 539 3893 scripsit
562 3814 708 3877 ἐλεύσεται
731 3811 858 3877 οἴκαδ’
887 3813 1040 3888 όδυσσεύς.
1064 3816 1178 3876 Melius
1201 3815 1389 3891 exemplum
1414 3817 1554 3878 inveniri

278 3948 373 4006 posse
396 3947 460 3992 non
484 3931 587 3992 oredo.

323 4046 393 4106 Vid.
416 4047 585 4120 praeterea
608 4059 691 4118 quae
715 4059 813 4118 supra
836 4059 865 4118 p.
893 4046 933 4104 14
958 4044 1025 4104 dixi
1048 4045 1087 4104 de
1113 4044 1260 4104 versibus
1283 4058 1324 4103 ex
1348 4043 1428 4105 locis
1451 4044 1552 4118 paral·
1645 4129 1647 4133 Α

279 4159 352 4220 lelis
375 4159 513 4220 iteratis,

323 4273 412 4333 Haeo
446 4272 556 4333 omnia
591 4272 706 4332 docent
739 4273 900 4346 imprimis
936 4272 1115 4332 Homerum
1151 4287 1249 4332 suum
1284 4271 1405 4345 optime
1437 4271 1551 4330 notum

279 4387 431 4447 habuisse
455 4386 613 4462 librarios,
638 4387 712 4458 (vid.
737 4389 865 4460 praeter
888 4387 952 4447 alia
972 4386 1122 4460 exempla
1143 4385 1157 4457 ξ
1177 4388 1196 4446 6
1218 4387 1251 4445 et
1271 4385 1364 4459 485);
1386 4387 1419 4444 et
1438 4385 1552 4445 deinde

278 4501 349 4560 tam
372 4499 476 4559 firmis
500 4501 713 4577 argumentis
740 4501 777 4560 ut
800 4501 904 4561 refelli
927 4503 1100 4577 nequeant,
1125 4500 1301 4560 ostendunt
1323 4498 1447 4560 multos
1466 4513 1551 4560 nuno

314 4739 333 4808 ¹)
352 4743 419 4805 Apte
437 4745 546 4791 conferri
565 4746 651 4804 potest
669 4756 691 4805 ψ
709 4747 740 4792 80
758 4747 897 4804 πηιιλόπιια
915 4745 931 4791 i.
950 4759 969 4792 r.
987 4746 1016 4792 P.
1034 4745 1094 4793 Fuit
1112 4747 1166 4793 sine
1185 4745 1263 4792 dubio
1281 4747 1408 4810 εδούαλιια.
