3406 5442
568 1604 930 1686 PRAEFATIO

653 1919 845 1926 ——.—

159 2165 209 2224 Ad
239 2163 372 2224 Homeri
403 2161 565 2235 Odysseae
597 2162 818 2222 recensionem
835 2157 855 2232 1)
887 2165 1049 2222 Arthurus
1081 2163 1233 2222 Ludwioh
1260 2166 1387 2236 praeter

111 2279 206 2348 alios
231 2278 334 2336 tribus
359 2277 531 2352 codicibus
556 2277 659 2348 iisque
684 2277 829 2336 omnium
854 2279 909 2350 qui
932 2293 1017 2337 nunc
1036 2279 1105 2336 noti
1125 2281 1211 2353 sunt,
1233 2278 1386 2350 antiquis·

112 2393 219 2467 simis,
253 2407 332 2451 usus
364 2394 424 2466 est,
453 2391 507 2463 qui
532 2392 627 2450 antea
651 2391 790 2464 neglecti
815 2392 880 2452 fere
905 2393 1088 2466 iacuerant;
1113 2391 1182 2450 dico
1207 2391 1384 2451 Mediceum

111 2505 367 2565 Laurentianum
404 2505 540 2579 XXXII,
574 2505 615 2563 24
646 2504 704 2580 (G),
741 2505 962 2565 Florentinum
998 2505 1251 2564 Laurentianum
1288 2503 1384 2564 Conv.

112 2620 225 2692 Soppr.
259 2620 312 2693 52,
344 2619 421 2678 olim
454 2619 601 2681 abbatiae
633 2618 836 2678 Florentinae
862 2622 947 2679 2763
972 2619 1026 2694 (F),
1051 2618 1236 2677 Palatinum
1262 2617 1385 2677 Heidel-

111 2734 304 2805 bergensem
329 2733 370 2792 45
395 2732 450 2802 (P).

159 2845 305 2904 Primum
329 2846 420 2905 novit
443 2845 572 2917 quidem
597 2846 737 2906 Laroohe
762 2851 814 2916 (ex
837 2847 941 2906 indice
964 2846 1174 2921 Bandiniano,
1200 2845 1261 2905 vid.
1287 2845 1383 2905 Hom.

111 2960 295 3019 Textkritik
326 2975 355 3033 p.
381 2960 467 3034 485),
491 2974 554 3018 non
577 2961 689 3020 tamen
716 2959 862 3020 adhibuit
885 2976 959 3020 cum
985 2975 1068 3019 anno
1095 2959 1177 3018 1867
1203 2959 1383 3032 Odysseam

114 3073 175 3148 „ad
206 3071 301 3132 fidem
331 3073 485 3132 librorum
511 3073 727 3146 optimorum’'
753 3075 871 3134 ederet.
898 3073 1058 3133 Aemilius
1079 3072 1263 3131 Gotschlich
1287 3073 1383 3132 huius

111 3186 231 3246 codicis
254 3186 352 3245 libros
376 3209 405 3260 α,
428 3186 457 3264 β,
478 3209 506 3264 γ,
529 3187 545 3256 ζ
565 3187 719 3262 integros,
740 3203 781 3246 ex
802 3187 876 3247 libb.
898 3186 925 3262 d,
946 3207 958 3244 ε
979 3189 1012 3245 et
1031 3205 1118 3262 q-rr
1138 3186 1224 3246 locos
1245 3186 1384 3247 selectos

110 3299 258 3375 contulit,
291 3315 436 3372 quaeque
466 3300 635 3360 invenerat
666 3301 699 3359 in
735 3300 958 3374 „Fleckeisens
985 3299 1203 3359 Jahrbdcher”
1229 3295 1267 3359 al.
1299 3301 1383 3360 1876

110 3419 151 3487 (p.
186 3414 304 3483 21-7)
336 3413 453 3487 publici
484 3413 563 3472 iuris
594 3414 680 3474 iecit.
704 3414 814 3486 Neque
838 3413 991 3474 Ludwioh
1014 3415 1122 3472 totum
1146 3413 1288 3472 codicem
1313 3429 1382 3472 con·

109 3527 194 3586 serre
214 3526 328 3601 potuit,
349 3527 405 3586 sed
426 3526 634 3586 festinantius
653 3527 790 3587 lectione
811 3529 1036 3586 transcurrens
1049 3527 1226 3600 excerpsit;
1249 3527 1381 3599 dignum

107 3642 223 3698 tamen
248 3654 320 3699 esse
343 3639 397 3711 qui
422 3639 608 3714 diligentius
633 3640 804 3714 legeretur,
830 3641 956 3699 monuit
979 3640 1012 3698 in
1036 3639 1232 3713 praefatione
1257 3655 1286 3714 p.
1308 3640 1381 3700 XII.

155 3752 305 3812 Alterum
341 3753 563 3812 Florentinum
597 3753 707 3812 nullus
743 3753 845 3813 editor
880 3754 955 3812 ante
992 3752 1145 3812 Ludwioh
1180 3769 1220 3813 ne
1251 3754 1381 3813 novisse

108 3866 241 3939 quidem
273 3866 417 3940 videtur;
451 3866 570 3942 opinor,
604 3867 679 3940 quia
709 3866 806 3926 index
837 3865 992 3925 librorum
1023 3866 1078 3938 qui
1110 3881 1151 3924 ex
1175 3868 1382 3926 monasteriis

107 3979 293 4054 suppressis
313 3980 346 4038 in
366 3979 596 4039 bibliothecam
615 3979 867 4039 Laurentianam
888 3979 1112 4054 pervenerant
1133 3995 1233 4038 manu
1253 3981 1382 4040 tanturn

107 4095 261 4168 scriptus,
286 4093 318 4152 in
342 4094 413 4167 ipsa
436 4093 629 4153 bibliotheca
653 4093 804 4153 exstabat
818 4086 850 4162 2).

154 4207 200 4266 De
221 4207 327 4267 codice
349 4206 496 4266 Palatino
514 4206 547 4266 in
565 4206 760 4266 scholiorum
782 4207 822 4266 ad
843 4205 1022 4279 Odysseam
1043 4206 1182 4267 editione
1203 4209 1257 4276 (a0.
1287 4208 1381 4276 1821)

106 4322 143 4381 P.
176 4321 356 4380 Buttmann
387 4320 541 4380 nonnulla
574 4319 837 4395 communicavit,
869 4319 1088 4392 lectionesque
1119 4321 1277 4393 quasdam
1308 4323 1381 4382 inde

143 4551 163 4618 ¹)
181 4554 287 4601 Homeri
306 4553 432 4610 Carmina,
450 4553 579 4600 recensuit
597 4555 623 4598 et
640 4552 737 4598 selecta
753 4551 871 4598 lectionis
890 4552 1012 4598 varietate
1030 4552 1151 4599 instruxit
1166 4555 1294 4601 Arthurus
1312 4557 1380 4602 Lud-

105 4635 181 4689 wioh,
199 4647 260 4693 pars
278 4633 358 4679 altera
375 4633 495 4690 Odyssea.
514 4632 617 4690 Lipsiae
635 4632 663 4677 B.
683 4631 713 4678 G.
732 4630 852 4676 Teubner
872 4631 943 4682 1889,
963 4632 1002 4676 91.

142 4711 163 4777 2)
182 4713 298 4760 Oonlecit
315 4713 383 4758 huno
400 4711 511 4757 indicem
527 4723 549 4756 v.
566 4704 597 4756 ol.
612 4710 652 4756 del
667 4711 752 4756 Furia.
767 4711 872 4756 Brevior
888 4710 964 4756 index
978 4710 1074 4769 prodiit
1088 4723 1154 4755 anno
1171 4713 1233 4756 1893
1248 4712 1274 4757 in
1291 4713 1380 4768 „studi

104 4795 210 4841 Italisni
228 4793 253 4838 di
271 4792 395 4845 Filologia
413 4789 541 4836 Classica'‘
560 4790 572 4834 I
590 4803 614 4848 p.
635 4791 681 4834 129
701 4802 757 4846 sqq.

1287 4877 1299 4920 1
