3466 5446
756 819 829 880 XII.

203 1008 384 1069 Scholiasta
412 1008 467 1081 qui
499 1008 658 1068 scholium
687 1009 727 1068 ad
752 1007 846 1068 Hom.
873 1007 1054 1081 odysseam
1078 1006 1096 1066 i
1120 1008 1201 1068 846:
1227 1006 1258 1066 ol
1277 1003 1328 1078 τὰς
1351 1014 1426 1078 νοῦς

157 1119 371 1200 ὑποδεχόμενοι
401 1118 486 1180 τόποι
517 1121 656 1198 scripsit,
684 1121 716 1180 in
748 1136 806 1182 suo
836 1120 916 1180 libro
947 1121 1026 1194 legit
1056 1119 1206 1198 νοούὸοχοι.
1237 1119 1277 1179 nt
1308 1121 1362 1193 qui
1386 1121 1426 1180 ad

156 1256 171 1294 ε
202 1237 265 1295 272
297 1235 443 1310 scripsit:
476 1233 538 1294 τότε
567 1231 623 1314 γὰρ
655 1233 778 1310 μάλιστα
801 1241 854 1294 τοῦ
878 1231 965 1314 ἔργον
993 1231 1174 1294 ἀπολύονται
1198 1233 1229 1294 οἱ
1248 1231 1325 1312 βόες,
1348 1233 1426 1308 legii

156 1344 215 1424 ὀψὲ
237 1349 346 1410 λύοντα
370 1347 495 1427 βοώτην.

747 1560 836 1620 XIII.

201 1751 333 1810 Tacitus
363 1748 479 1808 Annal.
512 1748 566 1824 IV,
597 1750 649 1809 44.
681 1748 821 1809 Habitus
851 1751 962 1810 tamen
993 1749 1206 1823 supremis
1230 1748 1330 1806 honor
1354 1749 1426 1821 eto,

156 1865 218 1936 leg.
243 1877 477 1938 supremus

748 2076 833 2136 XIV.

201 2266 276 2326 Tac.
308 2265 390 2324 Ann.
426 2263 475 2338 VI,
508 2264 671 2324 34......
707 2265 827 2336 quanto
857 2265 981 2324 maiora
1012 2267 1169 2339 peterent,
1201 2265 1273 2340 plus
1304 2264 1428 2324 decoris

155 2381 306 2453 victores
338 2379 410 2437 aut
441 2377 469 2435 si
500 2378 593 2450 terga
623 2377 746 2453 darent,
775 2377 889 2451 flagitii
920 2380 1016 2451 atque
1048 2379 1180 2453 periculi
1207 2379 1340 2453 laturos
1364 2377 1425 2450 leg.

154 2495 215 2569 at,
241 2493 270 2552 si
293 2495 384 2564 terga
407 2491 521 2551 darent
544 2494 603 2550 etc.

755 2703 824 2764 XV.

198 2893 275 2951 Tac.
304 2890 386 2950 Ann.
419 2889 476 2965 XI,
509 2891 649 2950 25.....
682 2905 794 2950 secum
818 2891 953 2964 quisque
977 2892 1015 2951 de
1040 2907 1075 2951 se
1099 2891 1296 2952 consultaret
1319 2891 1425 2964 pete·

152 3007 304 3078 retque
327 3004 379 3064 ius
403 3005 541 3065 exuendi
564 3005 694 3081 ordinis,
719 3003 779 3078 leg.
803 3006 1039 3079 peteretne.

750 3267 835 3327 XVI.

199 3459 274 3518 Tac.
304 3457 426 3518 Hister.
455 3458 496 3534 II,
522 3459 573 3518 20.
600 3457 823 3519 Caecina...
847 3458 981 3519 consilia
1005 3473 1162 3532 curasque
1184 3459 1218 3518 in
1241 3457 1425 3533 oppugnati·
1528 3434 1531 3442 ¹

152 3587 251 3632 onem
275 3571 458 3632 Placentiae
482 3586 600 3645 magno
623 3573 789 3633 terrore
814 3573 921 3648 vertit,
944 3572 1005 3646 leg.
1030 3573 1210 3634 fervore.

740 3833 841 3894 XVII.

196 4019 293 4092 Verg.
310 4019 390 4079 Aen.
408 4021 442 4079 -ΙΙ
459 4022 533 4082 237.
554 4021 724 4082 scandit
743 4021 853 4082 fatalis
873 4021 1023 4081 machina
1036 4035 1158 4097 muros,
1171 4022 1232 4095 leg.
1253 4023 1423 4084 scindit.

723 4283 851 4367 ¹rrvrrr.

197 4443 321 4504 Seneca
344 4443 570 4516 Agamemnon
595 4448 669 4508 870.

356 4557 596 4620 ..'...traxisti
620 4561 767 4622 iacens

354 4686 471 4745 parens
495 4673 646 4746 Mycenas
649 4719 769 4751 ......

289 4785 349 4859 leg.
376 4785 540 4848 cadens.
