<?xml version="1.0" encoding="UTF-8"?>
<!DOCTYPE html PUBLIC "-//W3C//DTD XHTML 1.0 Transitional//EN"
    "http://www.w3.org/TR/xhtml1/DTD/xhtml1-transitional.dtd">
<html xmlns="http://www.w3.org/1999/xhtml" xml:lang="en" lang="en">
 <head>
  <title>
</title>
<meta http-equiv="Content-Type" content="text/html;charset=utf-8" />
  <meta name='ocr-system' content='tesseract 3.04.00' />
  <meta name='ocr-capabilities' content='ocr_page ocr_carea ocr_par ocr_line ocrx_word'/>
</head>
<body>
  <div class='ocr_page' id='page_1' title='image "./detribushomerio01molhgoog_0024.png"; bbox 0 0 3406 5442; ppageno 0'>
   <div class='ocr_carea' id='block_1_1' title="bbox 773 443 792 500">
    <p class='ocr_par' dir='ltr' id='par_1_1' title="bbox 773 443 792 500">
     <span class='ocr_line' id='line_1_1' title="bbox 773 443 792 500; baseline 0 0"><span class='ocrx_word' id='word_1_1' title='bbox 773 443 792 500; x_wconf 88' lang='grc'>9</span> 
     </span>
    </p>
   </div>
   <div class='ocr_carea' id='block_1_2' title="bbox 142 622 1415 1848">
    <p class='ocr_par' dir='ltr' id='par_1_2' title="bbox 142 622 1415 1848">
     <span class='ocr_line' id='line_1_2' title="bbox 142 622 1413 704; baseline 0.002 -16"><span class='ocrx_word' id='word_1_2' title='bbox 142 630 177 688; x_wconf 92' lang='lat' dir='ltr'>et</span> <span class='ocrx_word' id='word_1_3' title='bbox 200 630 221 688; x_wconf 88' lang='lat' dir='ltr'>f.</span> <span class='ocrx_word' id='word_1_4' title='bbox 245 631 384 700; x_wconf 66' lang='lat' dir='ltr'>49r=3</span> <span class='ocrx_word' id='word_1_5' title='bbox 408 632 554 704; x_wconf 81' lang='grc'><strong>12-34;</strong></span> <span class='ocrx_word' id='word_1_6' title='bbox 579 631 684 704; x_wconf 87' lang='lat' dir='ltr'>prima</span> <span class='ocrx_word' id='word_1_7' title='bbox 707 645 820 689; x_wconf 89' lang='lat' dir='ltr'>rursus</span> <span class='ocrx_word' id='word_1_8' title='bbox 842 630 1002 691; x_wconf 87' lang='lat' dir='ltr'>secundae</span> <span class='ocrx_word' id='word_1_9' title='bbox 1022 631 1043 690; x_wconf 85' lang='lat' dir='ltr'>i.</span> <span class='ocrx_word' id='word_1_10' title='bbox 1066 632 1190 689; x_wconf 74' lang='lat' dir='ltr'>94=i</span> <span class='ocrx_word' id='word_1_11' title='bbox 1213 631 1365 690; x_wconf 79' lang='grc'><strong>03-146</strong></span> <span class='ocrx_word' id='word_1_12' title='bbox 1381 622 1413 704; x_wconf 86' lang='lat'>¹),</span> 
     </span>
     <span class='ocr_line' id='line_1_3' title="bbox 142 742 527 804; baseline 0.008 -3"><span class='ocrx_word' id='word_1_13' title='bbox 142 742 164 802; x_wconf 88' lang='lat' dir='ltr'>f.</span> <span class='ocrx_word' id='word_1_14' title='bbox 191 745 316 803; x_wconf 70' lang='lat'>96:³1</span> <span class='ocrx_word' id='word_1_15' title='bbox 344 745 527 804; x_wconf 80' lang='lat'>191-240.</span> 
     </span>
     <span class='ocr_line' id='line_1_4' title="bbox 188 851 1414 933; baseline -0.001 -16"><span class='ocrx_word' id='word_1_16' title='bbox 188 857 305 917; x_wconf 82' lang='lat' dir='ltr'>Forma</span> <span class='ocrx_word' id='word_1_17' title='bbox 337 858 370 917; x_wconf 92' lang='lat' dir='ltr'>in</span> <span class='ocrx_word' id='word_1_18' title='bbox 401 851 457 933; x_wconf 65' lang='lat'>8⁰„</span> <span class='ocrx_word' id='word_1_19' title='bbox 489 858 565 918; x_wconf 87' lang='lat' dir='ltr'>folia</span> <span class='ocrx_word' id='word_1_20' title='bbox 604 859 679 933; x_wconf 89' lang='grc'><strong>22,2</strong></span> <span class='ocrx_word' id='word_1_21' title='bbox 702 869 727 920; x_wconf 90' lang='lat'>&gt;&lt;</span> <span class='ocrx_word' id='word_1_22' title='bbox 750 859 790 918; x_wconf 84' lang='grc'>16</span> <span class='ocrx_word' id='word_1_23' title='bbox 821 857 891 928; x_wconf 85' lang='grc' dir='ltr'>οΜ.,</span> <span class='ocrx_word' id='word_1_24' title='bbox 931 858 1077 930; x_wconf 83' lang='lat' dir='ltr'>singulae</span> <span class='ocrx_word' id='word_1_25' title='bbox 1113 858 1248 931; x_wconf 84' lang='lat' dir='ltr'>paginae</span> <span class='ocrx_word' id='word_1_26' title='bbox 1284 858 1414 917; x_wconf 82' lang='grc'><strong>27-30</strong></span> 
     </span>
     <span class='ocr_line' id='line_1_5' title="bbox 143 971 412 1032; baseline 0.007 -2"><span class='ocrx_word' id='word_1_27' title='bbox 143 986 259 1031; x_wconf 87' lang='lat' dir='ltr'>versus</span> <span class='ocrx_word' id='word_1_28' title='bbox 283 971 412 1032; x_wconf 91' lang='lat' dir='ltr'>habent.</span> 
     </span>
     <span class='ocr_line' id='line_1_6' title="bbox 189 1083 1415 1160; baseline -0.003 -14"><span class='ocrx_word' id='word_1_29' title='bbox 189 1085 448 1159; x_wconf 84' lang='lat' dir='ltr'>Subscriptiones</span> <span class='ocrx_word' id='word_1_30' title='bbox 467 1087 564 1146; x_wconf 86' lang='lat' dir='ltr'>hasce</span> <span class='ocrx_word' id='word_1_31' title='bbox 588 1085 741 1160; x_wconf 87' lang='lat' dir='ltr'>continet,</span> <span class='ocrx_word' id='word_1_32' title='bbox 765 1085 905 1159; x_wconf 83' lang='lat' dir='ltr'>priorem</span> <span class='ocrx_word' id='word_1_33' title='bbox 928 1087 965 1145; x_wconf 93' lang='lat' dir='ltr'>ut</span> <span class='ocrx_word' id='word_1_34' title='bbox 988 1085 1055 1145; x_wconf 87' lang='lat' dir='ltr'>dixi</span> <span class='ocrx_word' id='word_1_35' title='bbox 1079 1101 1179 1146; x_wconf 91' lang='lat' dir='ltr'>manu</span> <span class='ocrx_word' id='word_1_36' title='bbox 1203 1084 1357 1156; x_wconf 83' lang='lat' dir='ltr'>Palagani</span> <span class='ocrx_word' id='word_1_37' title='bbox 1382 1083 1415 1142; x_wconf 91' lang='lat' dir='ltr'>in</span> 
     </span>
     <span class='ocr_line' id='line_1_7' title="bbox 143 1196 768 1276; baseline -0.003 -14"><span class='ocrx_word' id='word_1_38' title='bbox 143 1200 232 1262; x_wconf 91' lang='lat' dir='ltr'>calce</span> <span class='ocrx_word' id='word_1_39' title='bbox 256 1199 420 1273; x_wconf 82' lang='lat' dir='ltr'>Odysseae</span> <span class='ocrx_word' id='word_1_40' title='bbox 444 1201 464 1260; x_wconf 82' lang='lat' dir='ltr'>f.</span> <span class='ocrx_word' id='word_1_41' title='bbox 491 1201 573 1260; x_wconf 72' lang='grc'><strong>2241</strong></span> <span class='ocrx_word' id='word_1_42' title='bbox 597 1200 672 1269; x_wconf 86' lang='lat' dir='ltr'>(tab.</span> <span class='ocrx_word' id='word_1_43' title='bbox 697 1196 768 1276; x_wconf 87' lang='lat' dir='ltr'><strong>IV):</strong></span> 
     </span>
     <span class='ocr_line' id='line_1_8' title="bbox 367 1305 1194 1397; baseline -0.001 -26"><span class='ocrx_word' id='word_1_44' title='bbox 367 1307 441 1391; x_wconf 76' lang='grc' dir='ltr'><strong><em>τέρμ’</em></strong></span> <span class='ocrx_word' id='word_1_45' title='bbox 468 1307 507 1371; x_wconf 82' lang='grc' dir='ltr'>ἴδ’</span> <span class='ocrx_word' id='word_1_46' title='bbox 534 1310 619 1390; x_wconf 72' lang='grc' dir='ltr'><strong><em>ἔλαβε</em></strong></span> <span class='ocrx_word' id='word_1_47' title='bbox 643 1312 723 1397; x_wconf 78' lang='grc' dir='ltr'><strong><em>μόγῳ</em></strong></span> <span class='ocrx_word' id='word_1_48' title='bbox 749 1310 786 1392; x_wconf 76' lang='grc' dir='ltr'>ῥὰ</span> <span class='ocrx_word' id='word_1_49' title='bbox 809 1309 971 1392; x_wconf 79' lang='grc' dir='ltr'><strong><em>ἀμοίκλντος</em></strong></span> <span class='ocrx_word' id='word_1_50' title='bbox 995 1305 1045 1390; x_wconf 72' lang='grc' dir='ltr'>ἥδ’</span> <span class='ocrx_word' id='word_1_51' title='bbox 1072 1307 1194 1372; x_wconf 72' lang='lat' dir='ltr'>didesia</span> 
     </span>
     <span class='ocr_line' id='line_1_9' title="bbox 366 1419 1200 1509; baseline 0 -25"><span class='ocrx_word' id='word_1_52' title='bbox 366 1425 468 1504; x_wconf 80' lang='grc' dir='ltr'><strong><em>βίβλος</em></strong></span> <span class='ocrx_word' id='word_1_53' title='bbox 490 1421 513 1506; x_wconf 81' lang='grc' dir='ltr'>γ’</span> <span class='ocrx_word' id='word_1_54' title='bbox 540 1425 645 1504; x_wconf 76' lang='grc' dir='ltr'><strong><em>ἥντινα</em></strong></span> <span class='ocrx_word' id='word_1_55' title='bbox 667 1423 794 1505; x_wconf 78' lang='grc' dir='ltr'><strong><em>χὲμλαφε</em></strong></span> <span class='ocrx_word' id='word_1_56' title='bbox 818 1429 988 1505; x_wconf 77' lang='grc' dir='ltr'><strong><em>τταλαγᾶνος</em></strong></span> <span class='ocrx_word' id='word_1_57' title='bbox 1003 1419 1024 1497; x_wconf 86' lang='lat'>²)</span> <span class='ocrx_word' id='word_1_58' title='bbox 1048 1419 1103 1504; x_wconf 83' lang='grc' dir='ltr'><strong><em>χερ’</em></strong></span> <span class='ocrx_word' id='word_1_59' title='bbox 1129 1424 1200 1509; x_wconf 74' lang='grc' dir='ltr'><strong><em>ἰδίῃ,</em></strong></span> 
     </span>
     <span class='ocr_line' id='line_1_10' title="bbox 366 1535 1142 1624; baseline -0.001 -25"><span class='ocrx_word' id='word_1_60' title='bbox 366 1535 399 1612; x_wconf 76' lang='grc' dir='ltr'>ὃς</span> <span class='ocrx_word' id='word_1_61' title='bbox 422 1538 459 1620; x_wconf 76' lang='grc' dir='ltr'>ῥὰ</span> <span class='ocrx_word' id='word_1_62' title='bbox 482 1535 544 1617; x_wconf 76' lang='grc' dir='ltr'><strong><em>μοίί</em></strong></span> <span class='ocrx_word' id='word_1_63' title='bbox 572 1537 714 1618; x_wconf 79' lang='grc' dir='ltr'><strong><em>ἀσκηθεὶς</em></strong></span> <span class='ocrx_word' id='word_1_64' title='bbox 740 1535 758 1624; x_wconf 74' lang='grc' dir='ltr'><em>ᾗ</em></span> <span class='ocrx_word' id='word_1_65' title='bbox 779 1539 899 1618; x_wconf 78' lang='grc' dir='ltr'><strong><em>πατρίδι</em></strong></span> <span class='ocrx_word' id='word_1_66' title='bbox 921 1539 990 1624; x_wconf 70' lang='grc' dir='ltr'><strong><em>γαίᾳ</em></strong></span> <span class='ocrx_word' id='word_1_67' title='bbox 1016 1539 1142 1623; x_wconf 81' lang='grc' dir='ltr'><strong><em>ἱδρούσχ</em></strong></span> 
     </span>
     <span class='ocr_line' id='line_1_11' title="bbox 368 1649 1123 1734; baseline -0.004 -20"><span class='ocrx_word' id='word_1_68' title='bbox 368 1653 508 1732; x_wconf 79' lang='grc' dir='ltr'><strong>μουσάων</strong></span> <span class='ocrx_word' id='word_1_69' title='bbox 531 1653 619 1734; x_wconf 79' lang='grc' dir='ltr'><strong><em>γόνος</em></strong></span> <span class='ocrx_word' id='word_1_70' title='bbox 642 1651 814 1732; x_wconf 78' lang='grc' dir='ltr'><em>εὐφραδέως</em></span> <span class='ocrx_word' id='word_1_71' title='bbox 837 1650 966 1713; x_wconf 75' lang='grc' dir='ltr'><em>πελέθων</em></span> <span class='ocrx_word' id='word_1_72' title='bbox 990 1649 1123 1730; x_wconf 77' lang='grc' dir='ltr'>ἐνέφηνε.</span> 
     </span>
     <span class='ocr_line' id='line_1_12' title="bbox 368 1763 1064 1848; baseline -0.004 -20"><span class='ocrx_word' id='word_1_73' title='bbox 368 1763 522 1848; x_wconf 77' lang='grc' dir='ltr'><strong><em>διστριχίλί</em></strong></span> <span class='ocrx_word' id='word_1_74' title='bbox 550 1766 642 1828; x_wconf 78' lang='grc' dir='ltr'><strong><em>ἕτοίων</em></strong></span> <span class='ocrx_word' id='word_1_75' title='bbox 665 1766 858 1848; x_wconf 81' lang='grc' dir='ltr'><strong><em>προθεόντων</em></strong></span> <span class='ocrx_word' id='word_1_76' title='bbox 882 1765 1064 1827; x_wconf 76' lang='grc' dir='ltr'><strong><em>ἑπτακοσίων</em></strong></span> 
     </span>
    </p>
   </div>
   <div class='ocr_carea' id='block_1_3' title="bbox 367 1876 1169 1967">
    <p class='ocr_par' dir='ltr' id='par_1_3' title="bbox 367 1876 1169 1967">
     <span class='ocr_line' id='line_1_13' title="bbox 367 1876 1169 1967; baseline -0.006 -25"><span class='ocrx_word' id='word_1_77' title='bbox 367 1881 471 1967; x_wconf 81' lang='grc' dir='ltr'><strong><em>είνοίτῳ</em></strong></span> <span class='ocrx_word' id='word_1_78' title='bbox 496 1879 543 1942; x_wconf 78' lang='grc' dir='ltr'><strong><em>ἕττὶ</em></strong></span> <span class='ocrx_word' id='word_1_79' title='bbox 565 1882 663 1942; x_wconf 80' lang='grc' dir='ltr'><strong><em>τοῖσδε</em></strong></span> <span class='ocrx_word' id='word_1_80' title='bbox 685 1876 708 1962; x_wconf 77' lang='grc' dir='ltr'>μ’</span> <span class='ocrx_word' id='word_1_81' title='bbox 735 1879 790 1940; x_wconf 73' lang='grc' dir='ltr'><strong><em>ἔτει</em></strong></span> <span class='ocrx_word' id='word_1_82' title='bbox 814 1878 972 1940; x_wconf 81' lang='grc' dir='ltr'><strong><em>σννέττοντι</em></strong></span> <span class='ocrx_word' id='word_1_83' title='bbox 995 1879 1033 1940; x_wconf 80' lang='grc' dir='ltr'>νὺ</span> <span class='ocrx_word' id='word_1_84' title='bbox 1058 1883 1169 1956; x_wconf 79' lang='grc' dir='ltr'><strong><em>μᾶλλον</em></strong></span> 
     </span>
    </p>
   </div>
   <div class='ocr_carea' id='block_1_4' title="bbox 143 1993 1417 2764">
    <p class='ocr_par' dir='ltr' id='par_1_4' title="bbox 143 1993 1417 2764">
     <span class='ocr_line' id='line_1_14' title="bbox 367 1993 1070 2080; baseline -0.004 -24"><span class='ocrx_word' id='word_1_85' title='bbox 367 1994 436 2074; x_wconf 79' lang='grc' dir='ltr'><strong><em>μηνί</em></strong></span> <span class='ocrx_word' id='word_1_86' title='bbox 463 1994 499 2075; x_wconf 75' lang='grc' dir='ltr'>ἂρ</span> <span class='ocrx_word' id='word_1_87' title='bbox 523 1995 688 2080; x_wconf 76' lang='grc' dir='ltr'><strong><em>αὐχούστῳ,</em></strong></span> <span class='ocrx_word' id='word_1_88' title='bbox 712 1993 867 2055; x_wconf 81' lang='grc' dir='ltr'><strong><em>ίνὸικτιόνι</em></strong></span> <span class='ocrx_word' id='word_1_89' title='bbox 890 2017 919 2054; x_wconf 86' lang='grc' dir='ltr'>τε</span> <span class='ocrx_word' id='word_1_90' title='bbox 942 1994 1070 2076; x_wconf 75' lang='grc' dir='ltr'><strong><em>τετάρτῃ.</em></strong></span> 
     </span>
     <span class='ocr_line' id='line_1_15' title="bbox 189 2110 555 2172; baseline 0.003 -2"><span class='ocrx_word' id='word_1_91' title='bbox 189 2110 269 2171; x_wconf 91' lang='lat' dir='ltr'>Dein</span> <span class='ocrx_word' id='word_1_92' title='bbox 292 2111 411 2171; x_wconf 87' lang='lat' dir='ltr'>litteris</span> <span class='ocrx_word' id='word_1_93' title='bbox 434 2111 555 2172; x_wconf 89' lang='lat' dir='ltr'>rubris:</span> 
     </span>
     <span class='ocr_line' id='line_1_16' title="bbox 367 2220 1242 2304; baseline -0.007 -20"><span class='ocrx_word' id='word_1_94' title='bbox 367 2223 478 2301; x_wconf 79' lang='grc' dir='ltr'><strong><em>τυφλὸς</em></strong></span> <span class='ocrx_word' id='word_1_95' title='bbox 501 2223 595 2304; x_wconf 81' lang='grc' dir='ltr'><strong><em>γερὼν</em></strong></span> <span class='ocrx_word' id='word_1_96' title='bbox 619 2223 729 2304; x_wconf 73' lang='grc' dir='ltr'><strong><em>ἔγραψε</em></strong></span> <span class='ocrx_word' id='word_1_97' title='bbox 752 2229 812 2296; x_wconf 88' lang='grc' dir='ltr'><strong><em>τοῖς</em></strong></span> <span class='ocrx_word' id='word_1_98' title='bbox 837 2220 915 2296; x_wconf 83' lang='grc' dir='ltr'><strong><em>νέοις</em></strong></span> <span class='ocrx_word' id='word_1_99' title='bbox 937 2221 1040 2282; x_wconf 82' lang='grc' dir='ltr'><strong><em>πόνοον</em></strong></span> <span class='ocrx_word' id='word_1_100' title='bbox 1065 2223 1096 2293; x_wconf 86' lang='lat' dir='ltr'>(l.</span> <span class='ocrx_word' id='word_1_101' title='bbox 1120 2225 1242 2292; x_wconf 82' lang='grc' dir='ltr'>πονῶν).</span> 
     </span>
     <span class='ocr_line' id='line_1_17' title="bbox 189 2337 897 2414; baseline -0.001 -15"><span class='ocrx_word' id='word_1_102' title='bbox 189 2340 249 2399; x_wconf 84' lang='lat' dir='ltr'>Est</span> <span class='ocrx_word' id='word_1_103' title='bbox 268 2355 373 2399; x_wconf 89' lang='lat' dir='ltr'>annus</span> <span class='ocrx_word' id='word_1_104' title='bbox 396 2339 510 2398; x_wconf 89' lang='lat' dir='ltr'>mundi</span> <span class='ocrx_word' id='word_1_105' title='bbox 534 2339 631 2414; x_wconf 80' lang='grc'><strong>6709,</strong></span> <span class='ocrx_word' id='word_1_106' title='bbox 657 2337 775 2398; x_wconf 78' lang='lat' dir='ltr'>Christi</span> <span class='ocrx_word' id='word_1_107' title='bbox 802 2338 897 2398; x_wconf 92' lang='grc'><strong>1201.</strong></span> 
     </span>
     <span class='ocr_line' id='line_1_18' title="bbox 189 2448 1417 2534; baseline -0.006 -21"><span class='ocrx_word' id='word_1_108' title='bbox 189 2453 302 2534; x_wconf 81' lang='lat' dir='ltr'>Altera</span> <span class='ocrx_word' id='word_1_109' title='bbox 332 2453 524 2527; x_wconf 78' lang='lat' dir='ltr'>subscriptio</span> <span class='ocrx_word' id='word_1_110' title='bbox 555 2455 588 2512; x_wconf 93' lang='lat' dir='ltr'>in</span> <span class='ocrx_word' id='word_1_111' title='bbox 613 2453 700 2513; x_wconf 91' lang='lat' dir='ltr'>calce</span> <span class='ocrx_word' id='word_1_112' title='bbox 725 2453 931 2513; x_wconf 88' lang='lat' dir='ltr'>Batrachom.</span> <span class='ocrx_word' id='word_1_113' title='bbox 957 2467 977 2512; x_wconf 93' lang='lat' dir='ltr'>a</span> <span class='ocrx_word' id='word_1_114' title='bbox 1000 2467 1100 2511; x_wconf 91' lang='lat' dir='ltr'>manu</span> <span class='ocrx_word' id='word_1_115' title='bbox 1123 2449 1264 2509; x_wconf 88' lang='lat' dir='ltr'>secunda</span> <span class='ocrx_word' id='word_1_116' title='bbox 1287 2449 1308 2508; x_wconf 85' lang='lat' dir='ltr'>f.</span> <span class='ocrx_word' id='word_1_117' title='bbox 1335 2448 1417 2506; x_wconf 78' lang='lat' dir='ltr'>229v</span> 
     </span>
     <span class='ocr_line' id='line_1_19' title="bbox 143 2567 298 2638; baseline 0.006 -12"><span class='ocrx_word' id='word_1_118' title='bbox 143 2568 221 2638; x_wconf 82' lang='lat' dir='ltr'>(tab.</span> <span class='ocrx_word' id='word_1_119' title='bbox 246 2567 298 2637; x_wconf 78' lang='lat' dir='ltr'>Vi:</span> 
     </span>
     <span class='ocr_line' id='line_1_20' title="bbox 189 2671 1417 2764; baseline -0.004 -25"><span class='ocrx_word' id='word_1_120' title='bbox 189 2677 269 2752; x_wconf 77' lang='grc' dir='ltr'><strong><em>τέλος</em></strong></span> <span class='ocrx_word' id='word_1_121' title='bbox 300 2679 356 2740; x_wconf 82' lang='grc' dir='ltr'>σὺν</span> <span class='ocrx_word' id='word_1_122' title='bbox 386 2686 448 2764; x_wconf 80' lang='grc' dir='ltr'>θεῷ</span> <span class='ocrx_word' id='word_1_123' title='bbox 471 2689 523 2758; x_wconf 82' lang='grc' dir='ltr'>τῆς</span> <span class='ocrx_word' id='word_1_124' title='bbox 557 2679 861 2760; x_wconf 77' lang='grc' dir='ltr'><strong><em>βατραχομυομαχίας·</em></strong></span> <span class='ocrx_word' id='word_1_125' title='bbox 893 2671 1021 2759; x_wconf 73' lang='grc' dir='ltr'><strong><em>ἕχροίφρ</em></strong></span> <span class='ocrx_word' id='word_1_126' title='bbox 1039 2675 1111 2757; x_wconf 84' lang='grc' dir='ltr'><strong><em>χειρὶ</em></strong></span> <span class='ocrx_word' id='word_1_127' title='bbox 1142 2675 1316 2757; x_wconf 81' lang='grc' dir='ltr'><strong><em>τταλαγάνον</em></strong></span> <span class='ocrx_word' id='word_1_128' title='bbox 1348 2675 1417 2735; x_wconf 83' lang='grc' dir='ltr'><strong><em>υίοῦ</em></strong></span> 
     </span>
    </p>
   </div>
   <div class='ocr_carea' id='block_1_5' title="bbox 142 2786 1421 3892">
    <p class='ocr_par' dir='ltr' id='par_1_5' title="bbox 142 2786 1421 3101">
     <span class='ocr_line' id='line_1_21' title="bbox 143 2786 1417 2876; baseline -0.004 -24"><span class='ocrx_word' id='word_1_129' title='bbox 143 2793 317 2874; x_wconf 78' lang='grc' dir='ltr'><strong><em>ττελεμρίνου</em></strong></span> <span class='ocrx_word' id='word_1_130' title='bbox 346 2793 472 2873; x_wconf 79' lang='grc' dir='ltr'><strong><em>κόμητος</em></strong></span> <span class='ocrx_word' id='word_1_131' title='bbox 496 2803 548 2854; x_wconf 83' lang='grc' dir='ltr'>τοῦ</span> <span class='ocrx_word' id='word_1_132' title='bbox 573 2791 633 2854; x_wconf 80' lang='grc' dir='ltr'>ἀπὸ</span> <span class='ocrx_word' id='word_1_133' title='bbox 655 2803 707 2873; x_wconf 79' lang='grc' dir='ltr'>τῆς</span> <span class='ocrx_word' id='word_1_134' title='bbox 731 2793 881 2874; x_wconf 60' lang='lat' dir='ltr'>tripodem.</span> <span class='ocrx_word' id='word_1_135' title='bbox 905 2790 978 2872; x_wconf 80' lang='grc' dir='ltr'><strong><em>μηνί</em></strong></span> <span class='ocrx_word' id='word_1_136' title='bbox 1000 2788 1151 2876; x_wconf 78' lang='grc' dir='ltr'><strong><em>ὀκτωβρίῳ</em></strong></span> <span class='ocrx_word' id='word_1_137' title='bbox 1173 2798 1226 2868; x_wconf 79' lang='grc' dir='ltr'>τῆς</span> <span class='ocrx_word' id='word_1_138' title='bbox 1249 2789 1305 2850; x_wconf 79' lang='grc' dir='ltr'>ίνὸ.</span> <span class='ocrx_word' id='word_1_139' title='bbox 1330 2786 1343 2848; x_wconf 82' lang='grc' dir='ltr'>ε’</span> <span class='ocrx_word' id='word_1_140' title='bbox 1366 2788 1417 2861; x_wconf 84' lang='grc' dir='ltr'>[εἰς</span> 
     </span>
     <span class='ocr_line' id='line_1_22' title="bbox 142 2898 1421 2987; baseline -0.004 -21"><span class='ocrx_word' id='word_1_141' title='bbox 142 2905 196 2979; x_wconf 85' lang='grc' dir='ltr'>τὰς</span> <span class='ocrx_word' id='word_1_142' title='bbox 227 2906 246 2985; x_wconf 76' lang='grc' dir='ltr'><em>ἡ</em></span> <span class='ocrx_word' id='word_1_143' title='bbox 277 2904 388 2987; x_wconf 75' lang='grc' dir='ltr'><strong><em>ἡμέρας</em></strong></span> <span class='ocrx_word' id='word_1_144' title='bbox 421 2909 526 2970; x_wconf 89' lang='lat' dir='ltr'>serius</span> <span class='ocrx_word' id='word_1_145' title='bbox 555 2909 669 2968; x_wconf 88' lang='lat' dir='ltr'>eadem</span> <span class='ocrx_word' id='word_1_146' title='bbox 701 2924 819 2968; x_wconf 90' lang='lat' dir='ltr'>manus</span> <span class='ocrx_word' id='word_1_147' title='bbox 853 2907 985 2978; x_wconf 86' lang='lat' dir='ltr'>addidit]</span> <span class='ocrx_word' id='word_1_148' title='bbox 1018 2903 1101 2976; x_wconf 75' lang='grc' dir='ltr'><strong><em>ἔτους</em></strong></span> <span class='ocrx_word' id='word_1_149' title='bbox 1132 2902 1217 2983; x_wconf 68' lang='grc' dir='ltr'><strong><em>,ςρίί</em></strong></span> <span class='ocrx_word' id='word_1_150' title='bbox 1248 2900 1304 2963; x_wconf 81' lang='grc' dir='ltr'><strong><em>εἰσὶ</em></strong></span> <span class='ocrx_word' id='word_1_151' title='bbox 1334 2898 1367 2962; x_wconf 76' lang='grc' dir='ltr'>δὲ</span> <span class='ocrx_word' id='word_1_152' title='bbox 1390 2901 1421 2962; x_wconf 82' lang='lat' dir='ltr'>oi</span> 
     </span>
     <span class='ocr_line' id='line_1_23' title="bbox 143 3018 718 3101; baseline 0 -22"><span class='ocrx_word' id='word_1_153' title='bbox 143 3020 236 3100; x_wconf 88' lang='grc' dir='ltr'><strong><em>στίχοι</em></strong></span> <span class='ocrx_word' id='word_1_154' title='bbox 259 3029 310 3099; x_wconf 82' lang='grc' dir='ltr'>τῆς</span> <span class='ocrx_word' id='word_1_155' title='bbox 333 3021 629 3101; x_wconf 82' lang='grc' dir='ltr'><strong><em>βατραχομυομαχίας</em></strong></span> <span class='ocrx_word' id='word_1_156' title='bbox 652 3018 718 3080; x_wconf 63' lang='grc' dir='ltr'>ἅττ’.</span> 
     </span>
    </p>

    <p class='ocr_par' dir='ltr' id='par_1_6' title="bbox 189 3135 900 3212">
     <span class='ocr_line' id='line_1_24' title="bbox 189 3135 900 3212; baseline -0.004 -16"><span class='ocrx_word' id='word_1_157' title='bbox 189 3137 248 3196; x_wconf 84' lang='lat' dir='ltr'>Est</span> <span class='ocrx_word' id='word_1_158' title='bbox 270 3151 374 3197; x_wconf 92' lang='lat' dir='ltr'>annus</span> <span class='ocrx_word' id='word_1_159' title='bbox 399 3137 512 3197; x_wconf 87' lang='lat' dir='ltr'>mundi</span> <span class='ocrx_word' id='word_1_160' title='bbox 537 3138 634 3212; x_wconf 85' lang='grc'><strong>6710,</strong></span> <span class='ocrx_word' id='word_1_161' title='bbox 661 3135 779 3196; x_wconf 78' lang='lat' dir='ltr'>Christi</span> <span class='ocrx_word' id='word_1_162' title='bbox 806 3136 900 3194; x_wconf 91' lang='grc'><strong>1202.</strong></span> 
     </span>
    </p>

    <p class='ocr_par' dir='ltr' id='par_1_7' title="bbox 142 3237 1419 3892">
     <span class='ocr_line' id='line_1_25' title="bbox 189 3237 1417 3324; baseline -0.005 -15"><span class='ocrx_word' id='word_1_163' title='bbox 189 3251 236 3310; x_wconf 92' lang='lat' dir='ltr'>De</span> <span class='ocrx_word' id='word_1_164' title='bbox 259 3251 390 3310; x_wconf 85' lang='lat' dir='ltr'>scholiis</span> <span class='ocrx_word' id='word_1_165' title='bbox 411 3251 479 3312; x_wconf 91' lang='lat' dir='ltr'>cod.</span> <span class='ocrx_word' id='word_1_166' title='bbox 500 3250 638 3310; x_wconf 81' lang='lat' dir='ltr'>Palatini</span> <span class='ocrx_word' id='word_1_167' title='bbox 659 3254 751 3324; x_wconf 86' lang='lat' dir='ltr'>(quae</span> <span class='ocrx_word' id='word_1_168' title='bbox 772 3251 840 3323; x_wconf 90' lang='lat' dir='ltr'>ipse</span> <span class='ocrx_word' id='word_1_169' title='bbox 861 3250 1010 3308; x_wconf 87' lang='lat' dir='ltr'>accurate</span> <span class='ocrx_word' id='word_1_170' title='bbox 1030 3247 1187 3320; x_wconf 78' lang='lat' dir='ltr'>inspicere</span> <span class='ocrx_word' id='word_1_171' title='bbox 1209 3261 1272 3305; x_wconf 92' lang='lat' dir='ltr'>non</span> <span class='ocrx_word' id='word_1_172' title='bbox 1292 3245 1381 3319; x_wconf 88' lang='lat' dir='ltr'>potui</span> <span class='ocrx_word' id='word_1_173' title='bbox 1396 3237 1417 3312; x_wconf 82' lang='lat'>³)</span> 
     </span>
     <span class='ocr_line' id='line_1_26' title="bbox 143 3359 1419 3438; baseline -0.005 -15"><span class='ocrx_word' id='word_1_174' title='bbox 143 3366 225 3425; x_wconf 90' lang='lat' dir='ltr'>haec</span> <span class='ocrx_word' id='word_1_175' title='bbox 257 3365 387 3438; x_wconf 80' lang='lat' dir='ltr'>scripsit</span> <span class='ocrx_word' id='word_1_176' title='bbox 417 3365 598 3424; x_wconf 85' lang='lat' dir='ltr'>Buttmann</span> <span class='ocrx_word' id='word_1_177' title='bbox 626 3365 658 3422; x_wconf 90' lang='lat' dir='ltr'>in</span> <span class='ocrx_word' id='word_1_178' title='bbox 689 3364 788 3437; x_wconf 85' lang='lat' dir='ltr'>praei.</span> <span class='ocrx_word' id='word_1_179' title='bbox 820 3379 849 3436; x_wconf 89' lang='lat' dir='ltr'>p.</span> <span class='ocrx_word' id='word_1_180' title='bbox 879 3363 919 3421; x_wconf 87' lang='lat' dir='ltr'>X.</span> <span class='ocrx_word' id='word_1_181' title='bbox 947 3361 1069 3436; x_wconf 82' lang='lat' dir='ltr'>„Libris</span> <span class='ocrx_word' id='word_1_182' title='bbox 1093 3360 1257 3433; x_wconf 86' lang='lat' dir='ltr'>Odysseae</span> <span class='ocrx_word' id='word_1_183' title='bbox 1280 3380 1362 3436; x_wconf 75' lang='grc' dir='ltr'>α-γ</span> <span class='ocrx_word' id='word_1_184' title='bbox 1386 3359 1419 3417; x_wconf 86' lang='lat' dir='ltr'>et</span> 
     </span>
     <span class='ocr_line' id='line_1_27' title="bbox 142 3472 1417 3552; baseline -0.004 -16"><span class='ocrx_word' id='word_1_185' title='bbox 142 3483 169 3536; x_wconf 81' lang='grc' dir='ltr'><em>θ</em></span> <span class='ocrx_word' id='word_1_186' title='bbox 199 3493 268 3551; x_wconf 86' lang='lat' dir='ltr'>sqq.</span> <span class='ocrx_word' id='word_1_187' title='bbox 302 3478 424 3538; x_wconf 88' lang='lat' dir='ltr'>scholia</span> <span class='ocrx_word' id='word_1_188' title='bbox 455 3478 585 3552; x_wconf 91' lang='lat' dir='ltr'>quidem</span> <span class='ocrx_word' id='word_1_189' title='bbox 616 3481 694 3537; x_wconf 89' lang='lat' dir='ltr'>sunt</span> <span class='ocrx_word' id='word_1_190' title='bbox 723 3475 824 3551; x_wconf 82' lang='lat' dir='ltr'>silita,</span> <span class='ocrx_word' id='word_1_191' title='bbox 856 3476 912 3535; x_wconf 89' lang='lat' dir='ltr'>sed</span> <span class='ocrx_word' id='word_1_192' title='bbox 943 3489 1046 3548; x_wconf 90' lang='lat' dir='ltr'>pauca</span> <span class='ocrx_word' id='word_1_193' title='bbox 1074 3488 1174 3546; x_wconf 89' lang='lat' dir='ltr'>eaque</span> <span class='ocrx_word' id='word_1_194' title='bbox 1198 3487 1262 3533; x_wconf 92' lang='lat' dir='ltr'>non</span> <span class='ocrx_word' id='word_1_195' title='bbox 1284 3472 1417 3545; x_wconf 89' lang='lat' dir='ltr'>optima.</span> 
     </span>
     <span class='ocr_line' id='line_1_28' title="bbox 143 3585 1418 3668; baseline -0.005 -18"><span class='ocrx_word' id='word_1_196' title='bbox 143 3592 232 3651; x_wconf 90' lang='lat' dir='ltr'>Libri</span> <span class='ocrx_word' id='word_1_197' title='bbox 263 3594 375 3652; x_wconf 90' lang='lat' dir='ltr'>autem</span> <span class='ocrx_word' id='word_1_198' title='bbox 399 3591 426 3668; x_wconf 85' lang='grc' dir='ltr'>δ,</span> <span class='ocrx_word' id='word_1_199' title='bbox 449 3613 472 3667; x_wconf 87' lang='grc' dir='ltr'>ε,</span> <span class='ocrx_word' id='word_1_200' title='bbox 495 3592 559 3668; x_wconf 55' lang='lat' dir='ltr'>tq</span> <span class='ocrx_word' id='word_1_201' title='bbox 586 3591 749 3663; x_wconf 83' lang='lat' dir='ltr'>margines</span> <span class='ocrx_word' id='word_1_202' title='bbox 778 3589 898 3648; x_wconf 87' lang='lat' dir='ltr'>habent</span> <span class='ocrx_word' id='word_1_203' title='bbox 926 3586 1067 3662; x_wconf 88' lang='lat' dir='ltr'>repletos</span> <span class='ocrx_word' id='word_1_204' title='bbox 1090 3587 1222 3646; x_wconf 90' lang='lat' dir='ltr'>scholiis</span> <span class='ocrx_word' id='word_1_205' title='bbox 1246 3585 1375 3660; x_wconf 87' lang='lat' dir='ltr'>scriptis</span> <span class='ocrx_word' id='word_1_206' title='bbox 1399 3601 1418 3644; x_wconf 91' lang='lat' dir='ltr'>a</span> 
     </span>
     <span class='ocr_line' id='line_1_29' title="bbox 143 3698 1419 3780; baseline -0.007 -14"><span class='ocrx_word' id='word_1_207' title='bbox 143 3721 245 3766; x_wconf 91' lang='lat' dir='ltr'>manu</span> <span class='ocrx_word' id='word_1_208' title='bbox 278 3706 371 3779; x_wconf 84' lang='lat' dir='ltr'>longe</span> <span class='ocrx_word' id='word_1_209' title='bbox 403 3698 541 3780; x_wconf 85' lang='lat' dir='ltr'>diversa,</span> <span class='ocrx_word' id='word_1_210' title='bbox 574 3704 733 3778; x_wconf 89' lang='lat' dir='ltr'>scriptura</span> <span class='ocrx_word' id='word_1_211' title='bbox 765 3702 987 3762; x_wconf 89' lang='lat' dir='ltr'>minutissima</span> <span class='ocrx_word' id='word_1_212' title='bbox 1019 3704 1051 3761; x_wconf 93' lang='lat' dir='ltr'>et</span> <span class='ocrx_word' id='word_1_213' title='bbox 1078 3702 1208 3774; x_wconf 89' lang='lat' dir='ltr'>propter</span> <span class='ocrx_word' id='word_1_214' title='bbox 1230 3699 1419 3773; x_wconf 86' lang='lat' dir='ltr'>compendia</span> 
     </span>
     <span class='ocr_line' id='line_1_30' title="bbox 142 3807 1417 3892; baseline -0.006 -12"><span class='ocrx_word' id='word_1_215' title='bbox 142 3821 231 3880; x_wconf 90' lang='lat' dir='ltr'>lectu</span> <span class='ocrx_word' id='word_1_216' title='bbox 264 3819 394 3880; x_wconf 85' lang='lat' dir='ltr'>difficili.</span> <span class='ocrx_word' id='word_1_217' title='bbox 428 3819 467 3878; x_wconf 85' lang='lat' dir='ltr'>Et</span> <span class='ocrx_word' id='word_1_218' title='bbox 498 3820 577 3878; x_wconf 92' lang='lat' dir='ltr'>haec</span> <span class='ocrx_word' id='word_1_219' title='bbox 608 3818 738 3892; x_wconf 89' lang='lat' dir='ltr'>quidem</span> <span class='ocrx_word' id='word_1_220' title='bbox 765 3816 888 3876; x_wconf 90' lang='lat' dir='ltr'>scholia</span> <span class='ocrx_word' id='word_1_221' title='bbox 910 3815 1055 3875; x_wconf 87' lang='lat' dir='ltr'>melioris</span> <span class='ocrx_word' id='word_1_222' title='bbox 1077 3814 1189 3886; x_wconf 92' lang='lat' dir='ltr'>utique</span> <span class='ocrx_word' id='word_1_223' title='bbox 1212 3814 1290 3874; x_wconf 90' lang='lat' dir='ltr'>sunt</span> <span class='ocrx_word' id='word_1_224' title='bbox 1312 3807 1417 3888; x_wconf 87' lang='lat' dir='ltr'>notae,</span> 
     </span>
    </p>
   </div>
   <div class='ocr_carea' id='block_1_6' title="bbox 142 4097 1419 4784">
    <p class='ocr_par' dir='ltr' id='par_1_8' title="bbox 142 4097 1419 4228">
     <span class='ocr_line' id='line_1_31' title="bbox 181 4097 1419 4165; baseline -0.005 -17"><span class='ocrx_word' id='word_1_225' title='bbox 181 4097 200 4165; x_wconf 89' lang='lat'>¹)</span> <span class='ocrx_word' id='word_1_226' title='bbox 223 4101 366 4161; x_wconf 77' lang='lat' dir='ltr'>Scripserat</span> <span class='ocrx_word' id='word_1_227' title='bbox 388 4115 423 4149; x_wconf 92' lang='lat' dir='ltr'>m.</span> <span class='ocrx_word' id='word_1_228' title='bbox 443 4102 456 4148; x_wconf 98' lang='grc' dir='ltr'>Ι</span> <span class='ocrx_word' id='word_1_229' title='bbox 478 4115 562 4161; x_wconf 73' lang='grc' dir='ltr'>περιτο</span> <span class='ocrx_word' id='word_1_230' title='bbox 583 4102 615 4147; x_wconf 86' lang='lat' dir='ltr'>ad</span> <span class='ocrx_word' id='word_1_231' title='bbox 634 4102 681 4148; x_wconf 79' lang='lat'>146</span> <span class='ocrx_word' id='word_1_232' title='bbox 699 4101 745 4148; x_wconf 87' lang='lat' dir='ltr'>sed</span> <span class='ocrx_word' id='word_1_233' title='bbox 762 4099 854 4146; x_wconf 88' lang='lat' dir='ltr'>deinde</span> <span class='ocrx_word' id='word_1_234' title='bbox 872 4099 950 4146; x_wconf 82' lang='lat' dir='ltr'>erasit</span> <span class='ocrx_word' id='word_1_235' title='bbox 968 4101 1065 4146; x_wconf 70' lang='lat' dir='ltr'>lea-6</span> <span class='ocrx_word' id='word_1_236' title='bbox 1083 4099 1143 4158; x_wconf 78' lang='lat' dir='ltr'>quis</span> <span class='ocrx_word' id='word_1_237' title='bbox 1161 4112 1195 4145; x_wconf 91' lang='lat' dir='ltr'>m.</span> <span class='ocrx_word' id='word_1_238' title='bbox 1212 4097 1239 4143; x_wconf 90' lang='lat'>11</span> <span class='ocrx_word' id='word_1_239' title='bbox 1255 4097 1387 4156; x_wconf 81' lang='lat' dir='ltr'>inceperat</span> <span class='ocrx_word' id='word_1_240' title='bbox 1404 4110 1419 4142; x_wconf 87' lang='lat' dir='ltr'>a</span> 
     </span>
     <span class='ocr_line' id='line_1_32' title="bbox 142 4181 296 4228; baseline 0 -2"><span class='ocrx_word' id='word_1_241' title='bbox 142 4193 222 4228; x_wconf 84' lang='lat' dir='ltr'>versu</span> <span class='ocrx_word' id='word_1_242' title='bbox 240 4181 296 4228; x_wconf 78' lang='lat'>144.</span> 
     </span>
    </p>

    <p class='ocr_par' dir='ltr' id='par_1_9' title="bbox 144 4254 1419 4636">
     <span class='ocr_line' id='line_1_33' title="bbox 178 4254 1418 4322; baseline -0.004 -17"><span class='ocrx_word' id='word_1_243' title='bbox 178 4254 201 4322; x_wconf 61' lang='grc'>2)</span> <span class='ocrx_word' id='word_1_244' title='bbox 223 4260 261 4305; x_wconf 88' lang='lat' dir='ltr'>De</span> <span class='ocrx_word' id='word_1_245' title='bbox 282 4259 411 4318; x_wconf 81' lang='lat' dir='ltr'>Palagano</span> <span class='ocrx_word' id='word_1_246' title='bbox 430 4261 536 4320; x_wconf 80' lang='lat' dir='ltr'>eiusque</span> <span class='ocrx_word' id='word_1_247' title='bbox 554 4260 638 4320; x_wconf 85' lang='lat' dir='ltr'>patria</span> <span class='ocrx_word' id='word_1_248' title='bbox 655 4260 719 4306; x_wconf 86' lang='lat' dir='ltr'>hacc</span> <span class='ocrx_word' id='word_1_249' title='bbox 737 4260 858 4318; x_wconf 85' lang='lat' dir='ltr'>leguntur</span> <span class='ocrx_word' id='word_1_250' title='bbox 875 4259 944 4318; x_wconf 90' lang='lat' dir='ltr'>apud</span> <span class='ocrx_word' id='word_1_251' title='bbox 961 4261 993 4305; x_wconf 92' lang='lat' dir='ltr'>H.</span> <span class='ocrx_word' id='word_1_252' title='bbox 1011 4258 1146 4314; x_wconf 84' lang='lat' dir='ltr'>Schrader,</span> <span class='ocrx_word' id='word_1_253' title='bbox 1163 4256 1298 4316; x_wconf 90' lang='lat' dir='ltr'>Porphyrii</span> <span class='ocrx_word' id='word_1_254' title='bbox 1315 4256 1418 4312; x_wconf 83' lang='lat' dir='ltr'>Quaest.</span> 
     </span>
     <span class='ocr_line' id='line_1_34' title="bbox 144 4335 1418 4399; baseline -0.003 -15"><span class='ocrx_word' id='word_1_255' title='bbox 144 4339 220 4384; x_wconf 88' lang='lat' dir='ltr'>Hom.</span> <span class='ocrx_word' id='word_1_256' title='bbox 250 4338 282 4384; x_wconf 82' lang='lat' dir='ltr'>ad</span> <span class='ocrx_word' id='word_1_257' title='bbox 311 4338 401 4396; x_wconf 85' lang='lat' dir='ltr'>Odyss.</span> <span class='ocrx_word' id='word_1_258' title='bbox 429 4341 566 4399; x_wconf 86' lang='lat' dir='ltr'>pertinent.</span> <span class='ocrx_word' id='word_1_259' title='bbox 596 4339 671 4398; x_wconf 87' lang='lat' dir='ltr'>reliq.</span> <span class='ocrx_word' id='word_1_260' title='bbox 698 4353 723 4398; x_wconf 93' lang='lat' dir='ltr'>p.</span> <span class='ocrx_word' id='word_1_261' title='bbox 755 4340 809 4386; x_wconf 77' lang='lat'>164.</span> <span class='ocrx_word' id='word_1_262' title='bbox 834 4339 904 4396; x_wconf 81' lang='lat' dir='ltr'>„Ego</span> <span class='ocrx_word' id='word_1_263' title='bbox 927 4338 1079 4384; x_wconf 85' lang='lat' dir='ltr'>coniecerim</span> <span class='ocrx_word' id='word_1_264' title='bbox 1103 4337 1261 4395; x_wconf 80' lang='lat' dir='ltr'>Palagannm</span> <span class='ocrx_word' id='word_1_265' title='bbox 1285 4335 1418 4392; x_wconf 85' lang='lat' dir='ltr'>Hydrunte</span> 
     </span>
     <span class='ocr_line' id='line_1_35' title="bbox 144 4414 1418 4478; baseline -0.004 -14"><span class='ocrx_word' id='word_1_266' title='bbox 144 4418 227 4464; x_wconf 81' lang='lat' dir='ltr'>fuisse</span> <span class='ocrx_word' id='word_1_267' title='bbox 250 4418 395 4475; x_wconf 90' lang='lat' dir='ltr'>oriundum,</span> <span class='ocrx_word' id='word_1_268' title='bbox 418 4432 526 4478; x_wconf 83' lang='lat' dir='ltr'>eamque</span> <span class='ocrx_word' id='word_1_269' title='bbox 549 4419 640 4465; x_wconf 88' lang='lat' dir='ltr'>urbem</span> <span class='ocrx_word' id='word_1_270' title='bbox 664 4421 801 4478; x_wconf 82' lang='lat' dir='ltr'>postquam</span> <span class='ocrx_word' id='word_1_271' title='bbox 824 4418 851 4463; x_wconf 92' lang='lat' dir='ltr'>in</span> <span class='ocrx_word' id='word_1_272' title='bbox 873 4418 1076 4464; x_wconf 87' lang='lat' dir='ltr'>Normannorum</span> <span class='ocrx_word' id='word_1_273' title='bbox 1094 4417 1282 4476; x_wconf 78' lang='lat' dir='ltr'>possessionem</span> <span class='ocrx_word' id='word_1_274' title='bbox 1299 4414 1418 4470; x_wconf 85' lang='lat' dir='ltr'>venisset,</span> 
     </span>
     <span class='ocr_line' id='line_1_36' title="bbox 145 4493 1419 4560; baseline -0.003 -16"><span class='ocrx_word' id='word_1_275' title='bbox 145 4511 160 4544; x_wconf 83' lang='lat' dir='ltr'>a</span> <span class='ocrx_word' id='word_1_276' title='bbox 186 4497 327 4554; x_wconf 82' lang='lat' dir='ltr'>Graeculis,</span> <span class='ocrx_word' id='word_1_277' title='bbox 351 4497 517 4556; x_wconf 80' lang='lat' dir='ltr'>frigidissima</span> <span class='ocrx_word' id='word_1_278' title='bbox 541 4511 611 4552; x_wconf 82' lang='lat' dir='ltr'>sane,</span> <span class='ocrx_word' id='word_1_279' title='bbox 634 4509 684 4544; x_wconf 90' lang='lat' dir='ltr'>non</span> <span class='ocrx_word' id='word_1_280' title='bbox 702 4497 795 4560; x_wconf 78' lang='grc' dir='ltr'><strong><em>Ὑδροος</em></strong></span> <span class='ocrx_word' id='word_1_281' title='bbox 814 4496 860 4543; x_wconf 88' lang='lat' dir='ltr'>sed</span> <span class='ocrx_word' id='word_1_282' title='bbox 877 4496 974 4560; x_wconf 80' lang='grc' dir='ltr'><strong><em>ἱδροῦσα</em></strong></span> <span class='ocrx_word' id='word_1_283' title='bbox 992 4495 1058 4550; x_wconf 76' lang='grc' dir='ltr'><strong><em>πόλις</em></strong></span> <span class='ocrx_word' id='word_1_284' title='bbox 1074 4496 1155 4542; x_wconf 81' lang='lat' dir='ltr'>fuisse</span> <span class='ocrx_word' id='word_1_285' title='bbox 1172 4495 1323 4550; x_wconf 69' lang='lat' dir='ltr'>vocitatam</span> <span class='ocrx_word' id='word_1_286' title='bbox 1341 4493 1419 4540; x_wconf 87' lang='lat' dir='ltr'>etiam</span> 
     </span>
     <span class='ocr_line' id='line_1_37' title="bbox 145 4575 1306 4636; baseline -0.003 -14"><span class='ocrx_word' id='word_1_287' title='bbox 145 4577 249 4622; x_wconf 84' lang='lat' dir='ltr'>nomina</span> <span class='ocrx_word' id='word_1_288' title='bbox 266 4577 395 4635; x_wconf 87' lang='lat' dir='ltr'>Pelegrini</span> <span class='ocrx_word' id='word_1_289' title='bbox 413 4580 439 4623; x_wconf 87' lang='lat' dir='ltr'>et</span> <span class='ocrx_word' id='word_1_290' title='bbox 456 4578 538 4636; x_wconf 86' lang='lat' dir='ltr'>ipsius</span> <span class='ocrx_word' id='word_1_291' title='bbox 555 4577 678 4635; x_wconf 84' lang='lat' dir='ltr'>Palagani</span> <span class='ocrx_word' id='word_1_292' title='bbox 695 4576 774 4622; x_wconf 87' lang='lat' dir='ltr'>Italos</span> <span class='ocrx_word' id='word_1_293' title='bbox 790 4576 877 4636; x_wconf 85' lang='lat' dir='ltr'>potius</span> <span class='ocrx_word' id='word_1_294' title='bbox 895 4589 972 4634; x_wconf 86' lang='lat' dir='ltr'>quam</span> <span class='ocrx_word' id='word_1_295' title='bbox 991 4577 1104 4623; x_wconf 81' lang='lat' dir='ltr'>Graecos</span> <span class='ocrx_word' id='word_1_296' title='bbox 1121 4575 1240 4635; x_wconf 90' lang='lat' dir='ltr'>produnt.</span> <span class='ocrx_word' id='word_1_297' title='bbox 1258 4576 1306 4620; x_wconf 88' lang='lat' dir='ltr'>etc.</span> 
     </span>
    </p>

    <p class='ocr_par' dir='ltr' id='par_1_10' title="bbox 146 4651 1418 4784">
     <span class='ocr_line' id='line_1_38' title="bbox 179 4651 1418 4720; baseline -0.002 -18"><span class='ocrx_word' id='word_1_298' title='bbox 179 4651 200 4714; x_wconf 85' lang='lat'>³)</span> <span class='ocrx_word' id='word_1_299' title='bbox 217 4656 308 4702; x_wconf 75' lang='lat' dir='ltr'>Notavi</span> <span class='ocrx_word' id='word_1_300' title='bbox 327 4659 428 4703; x_wconf 85' lang='lat' dir='ltr'>tantum</span> <span class='ocrx_word' id='word_1_301' title='bbox 445 4675 458 4718; x_wconf 80' lang='grc' dir='ltr'><em>η</em></span> <span class='ocrx_word' id='word_1_302' title='bbox 477 4659 508 4704; x_wconf 91' lang='grc'>22</span> <span class='ocrx_word' id='word_1_303' title='bbox 523 4659 549 4704; x_wconf 83' lang='grc'>111</span> <span class='ocrx_word' id='word_1_304' title='bbox 564 4657 584 4704; x_wconf 93' lang='lat' dir='ltr'>P</span> <span class='ocrx_word' id='word_1_305' title='bbox 602 4669 705 4718; x_wconf 88' lang='lat' dir='ltr'>quoque</span> <span class='ocrx_word' id='word_1_306' title='bbox 720 4659 749 4702; x_wconf 91' lang='lat' dir='ltr'>nt</span> <span class='ocrx_word' id='word_1_307' title='bbox 764 4655 790 4704; x_wconf 85' lang='lat' dir='ltr'>in</span> <span class='ocrx_word' id='word_1_308' title='bbox 805 4656 829 4705; x_wconf 88' lang='grc' dir='ltr'><strong>Η</strong></span> <span class='ocrx_word' id='word_1_309' title='bbox 847 4668 904 4703; x_wconf 82' lang='lat' dir='ltr'>esse</span> <span class='ocrx_word' id='word_1_310' title='bbox 919 4657 1075 4720; x_wconf 74' lang='grc' dir='ltr'><strong><em>ὰριστοφάνης</em></strong></span> <span class='ocrx_word' id='word_1_311' title='bbox 1091 4655 1103 4717; x_wconf 73' lang='grc' dir='ltr'><strong><em>ἤ</em></strong></span> <span class='ocrx_word' id='word_1_312' title='bbox 1118 4657 1147 4717; x_wconf 76' lang='grc' dir='ltr'>ρο</span> <span class='ocrx_word' id='word_1_313' title='bbox 1162 4671 1202 4711; x_wconf 87' lang='grc' dir='ltr'>μοι</span> <span class='ocrx_word' id='word_1_314' title='bbox 1216 4652 1285 4715; x_wconf 89' lang='lat' dir='ltr'>quod</span> <span class='ocrx_word' id='word_1_315' title='bbox 1299 4652 1418 4715; x_wconf 82' lang='lat' dir='ltr'>opinatus</span> 
     </span>
     <span class='ocr_line' id='line_1_39' title="bbox 146 4735 320 4784; baseline 0 -1"><span class='ocrx_word' id='word_1_316' title='bbox 146 4739 187 4784; x_wconf 86' lang='lat' dir='ltr'>est</span> <span class='ocrx_word' id='word_1_317' title='bbox 204 4735 320 4783; x_wconf 84' lang='lat' dir='ltr'>Dindort&#39;.</span> 
     </span>
    </p>
   </div>
   <div class='ocr_carea' id='block_1_7' title="bbox 0 0 1714 5442">
    <p class='ocr_par' dir='ltr' id='par_1_11' title="bbox 0 0 1714 5442">
     <span class='ocr_line' id='line_1_40' title="bbox 0 0 1714 5442; baseline 0 0"><span class='ocrx_word' id='word_1_318' title='bbox 0 0 1714 5442; x_wconf 95' lang='lat' dir='ltr'> </span> 
     </span>
    </p>
   </div>
  </div>
 </body>
</html>
